<?xml version="1.0" encoding="UTF-8"?>
<!DOCTYPE html PUBLIC "-//W3C//DTD XHTML 1.0 Transitional//EN"
    "http://www.w3.org/TR/xhtml1/DTD/xhtml1-transitional.dtd">
<html xmlns="http://www.w3.org/1999/xhtml" xml:lang="en" lang="en">
 <head>
  <title>
</title>
<meta http-equiv="Content-Type" content="text/html;charset=utf-8" />
  <meta name='ocr-system' content='tesseract 3.04.00' />
  <meta name='ocr-capabilities' content='ocr_page ocr_carea ocr_par ocr_line ocrx_word'/>
</head>
<body>
  <div class='ocr_page' id='page_1' title='image "./thesaurusresolut6465cath_0305.png"; bbox 0 0 1945 2928; ppageno 0'>
   <div class='ocr_carea' id='block_1_1' title="bbox 18 183 1786 2737">
    <p class='ocr_par' dir='ltr' id='par_1_1' title="bbox 73 183 1786 1452">
     <span class='ocr_line' id='line_1_1' title="bbox 439 183 1409 240; baseline 0.001 -16"><span class='ocrx_word' id='word_1_1' title='bbox 439 197 505 239; x_wconf 79' lang='lat'>¹9·</span> <span class='ocrx_word' id='word_1_2' title='bbox 539 183 776 226; x_wconf 77' lang='lat' dir='ltr'><em>Decembris</em></span> <span class='ocrx_word' id='word_1_3' title='bbox 816 195 938 239; x_wconf 77' lang='lat'>1795.</span> <span class='ocrx_word' id='word_1_4' title='bbox 1327 198 1409 240; x_wconf 76' lang='lat'>277</span> 
     </span>
     <span class='ocr_line' id='line_1_2' title="bbox 127 238 1781 296; baseline -0.002 -11"><span class='ocrx_word' id='word_1_5' title='bbox 127 238 460 285; x_wconf 80' lang='lat' dir='ltr'><strong>RUGNATEN.</strong></span> <span class='ocrx_word' id='word_1_6' title='bbox 495 242 686 283; x_wconf 79' lang='lat' dir='ltr'>MtSSAE</span> <span class='ocrx_word' id='word_1_7' title='bbox 713 239 1184 285; x_wconf 69' lang='lat' dir='ltr'><strong>CONVENTUALIS.</strong></span> <span class='ocrx_word' id='word_1_8' title='bbox 1219 240 1398 296; x_wconf 83' lang='lat' dir='ltr'>Capitu-</span> <span class='ocrx_word' id='word_1_9' title='bbox 1427 241 1538 283; x_wconf 79' lang='lat' dir='ltr'>Sess.</span> <span class='ocrx_word' id='word_1_10' title='bbox 1556 243 1781 282; x_wconf 76' lang='lat' dir='ltr'>22.clecret.</span> 
     </span>
     <span class='ocr_line' id='line_1_3' title="bbox 137 299 1786 359; baseline -0.001 -17"><span class='ocrx_word' id='word_1_11' title='bbox 137 303 227 342; x_wconf 86' lang='lat' dir='ltr'>lum</span> <span class='ocrx_word' id='word_1_12' title='bbox 264 301 438 356; x_wconf 78' lang='lat' dir='ltr'>lusiguis</span> <span class='ocrx_word' id='word_1_13' title='bbox 462 301 716 359; x_wconf 78' lang='lat' dir='ltr'>Collegiatae</span> <span class='ocrx_word' id='word_1_14' title='bbox 736 301 778 342; x_wconf 84' lang='lat' dir='ltr'>S.</span> <span class='ocrx_word' id='word_1_15' title='bbox 801 300 940 354; x_wconf 61' lang='lat' dir='ltr'>Mario</span> <span class='ocrx_word' id='word_1_16' title='bbox 961 300 1016 342; x_wconf 86' lang='lat' dir='ltr'>de</span> <span class='ocrx_word' id='word_1_17' title='bbox 1036 299 1212 341; x_wconf 78' lang='lat' dir='ltr'>Nazaret</span> <span class='ocrx_word' id='word_1_18' title='bbox 1231 299 1397 355; x_wconf 79' lang='lat' dir='ltr'>Oppidi</span> <span class='ocrx_word' id='word_1_19' title='bbox 1435 299 1486 340; x_wconf 76' lang='lat' dir='ltr'>de</span> <span class='ocrx_word' id='word_1_20' title='bbox 1504 301 1723 340; x_wconf 73' lang='lat' dir='ltr'>obser-mm.</span> <span class='ocrx_word' id='word_1_21' title='bbox 1743 299 1786 341; x_wconf 65' lang='lat' dir='ltr'>dy</span> 
     </span>
     <span class='ocr_line' id='line_1_4' title="bbox 85 357 1785 416; baseline -0.003 -15"><span class='ocrx_word' id='word_1_22' title='bbox 85 360 260 416; x_wconf 81' lang='lat' dir='ltr'>Sigestri</span> <span class='ocrx_word' id='word_1_23' title='bbox 278 357 513 400; x_wconf 83' lang='lat' dir='ltr'>Canonicls</span> <span class='ocrx_word' id='word_1_24' title='bbox 534 368 703 400; x_wconf 81' lang='lat' dir='ltr'>constat</span> <span class='ocrx_word' id='word_1_25' title='bbox 721 358 994 409; x_wconf 69' lang='lat' dir='ltr'>octodecim⁹</span> <span class='ocrx_word' id='word_1_26' title='bbox 1022 373 1130 413; x_wconf 86' lang='lat' dir='ltr'>quos</span> <span class='ocrx_word' id='word_1_27' title='bbox 1166 362 1278 398; x_wconf 81' lang='lat' dir='ltr'>inter</span> <span class='ocrx_word' id='word_1_28' title='bbox 1313 360 1398 397; x_wconf 74' lang='lat' dir='ltr'>Ar-</span> <span class='ocrx_word' id='word_1_29' title='bbox 1435 358 1785 399; x_wconf 69' lang='lat' dir='ltr'>c&gt;z⁷it&lt;112.z&#39;ucelebr</span> 
     </span>
     <span class='ocr_line' id='line_1_5' title="bbox 86 412 1561 471; baseline -0.003 -10"><span class='ocrx_word' id='word_1_30' title='bbox 86 416 398 468; x_wconf 63' lang='lat' dir='ltr'>cludiaconus,</span> <span class='ocrx_word' id='word_1_31' title='bbox 435 412 708 458; x_wconf 77' lang='lat' dir='ltr'>primicerius</span> <span class='ocrx_word' id='word_1_32' title='bbox 736 446 750 465; x_wconf 81' lang='grc'><em>,</em></span> <span class='ocrx_word' id='word_1_33' title='bbox 779 417 1147 471; x_wconf 81' lang='lat' dir='ltr'>Archipresbyter</span> <span class='ocrx_word' id='word_1_34' title='bbox 1167 446 1181 466; x_wconf 80' lang='lat'>‚</span> <span class='ocrx_word' id='word_1_35' title='bbox 1215 416 1258 455; x_wconf 65' lang='grc' dir='ltr'>ἃ</span> <span class='ocrx_word' id='word_1_36' title='bbox 1288 416 1398 464; x_wconf 84' lang='lat' dir='ltr'>Poe·</span> <span class='ocrx_word' id='word_1_37' title='bbox 1435 417 1561 457; x_wconf 50' lang='lat' dir='ltr'>illim.</span> 
     </span>
     <span class='ocr_line' id='line_1_6' title="bbox 85 474 1392 543; baseline -0.005 -25"><span class='ocrx_word' id='word_1_38' title='bbox 85 477 388 543; x_wconf 61' lang='lat' dir='ltr'>pitentiarius⁹</span> <span class='ocrx_word' id='word_1_39' title='bbox 408 476 566 530; x_wconf 86' lang='lat' dir='ltr'>quibus</span> <span class='ocrx_word' id='word_1_40' title='bbox 596 476 818 517; x_wconf 76' lang='lat' dir='ltr'>dumtaxat</span> <span class='ocrx_word' id='word_1_41' title='bbox 835 474 1011 516; x_wconf 80' lang='lat' dir='ltr'>actualis</span> <span class='ocrx_word' id='word_1_42' title='bbox 1040 475 1258 514; x_wconf 83' lang='lat' dir='ltr'>incumbit</span> <span class='ocrx_word' id='word_1_43' title='bbox 1279 475 1392 514; x_wconf 85' lang='lat' dir='ltr'>Ani-</span> 
     </span>
     <span class='ocr_line' id='line_1_7' title="bbox 84 532 1453 593; baseline -0.004 -18"><span class='ocrx_word' id='word_1_44' title='bbox 84 546 255 575; x_wconf 82' lang='lat' dir='ltr'>marum</span> <span class='ocrx_word' id='word_1_45' title='bbox 285 546 388 575; x_wconf 85' lang='lat' dir='ltr'>cura</span> <span class='ocrx_word' id='word_1_46' title='bbox 408 562 421 574; x_wconf 84' lang='grc'><strong>.</strong></span> <span class='ocrx_word' id='word_1_47' title='bbox 444 534 646 590; x_wconf 76' lang='lat' dir='ltr'>pinguior</span> <span class='ocrx_word' id='word_1_48' title='bbox 667 533 894 593; x_wconf 72' lang='lat' dir='ltr'>praebenda</span> <span class='ocrx_word' id='word_1_49' title='bbox 915 542 976 573; x_wconf 82' lang='lat' dir='ltr'>est</span> <span class='ocrx_word' id='word_1_50' title='bbox 995 532 1390 586; x_wconf 81' lang='lat' dir='ltr'>Archipresbyteri‚</span> <span class='ocrx_word' id='word_1_51' title='bbox 1451 581 1453 583; x_wconf 17' lang='grc' dir='ltr'><strong><em>ι</em></strong></span> 
     </span>
     <span class='ocr_line' id='line_1_8' title="bbox 82 588 1402 649; baseline -0.003 -16"><span class='ocrx_word' id='word_1_52' title='bbox 82 592 347 649; x_wconf 83' lang='lat' dir='ltr'>singulisque</span> <span class='ocrx_word' id='word_1_53' title='bbox 359 593 481 633; x_wconf 75' lang='lat' dir='ltr'>annis</span> <span class='ocrx_word' id='word_1_54' title='bbox 499 600 619 633; x_wconf 86' lang='lat' dir='ltr'>scuta</span> <span class='ocrx_word' id='word_1_55' title='bbox 639 591 779 633; x_wconf 80' lang='lat' dir='ltr'><strong>reddit</strong></span> <span class='ocrx_word' id='word_1_56' title='bbox 812 606 879 648; x_wconf 84' lang='lat'>23·</span> <span class='ocrx_word' id='word_1_57' title='bbox 898 591 1083 632; x_wconf 83' lang='lat' dir='ltr'>Annuus</span> <span class='ocrx_word' id='word_1_58' title='bbox 1121 588 1288 633; x_wconf 82' lang='lat' dir='ltr'>fructus</span> <span class='ocrx_word' id='word_1_59' title='bbox 1310 603 1402 631; x_wconf 82' lang='lat' dir='ltr'>cer·</span> 
     </span>
     <span class='ocr_line' id='line_1_9' title="bbox 80 647 1398 705; baseline -0.005 -11"><span class='ocrx_word' id='word_1_60' title='bbox 80 658 152 694; x_wconf 80' lang='lat' dir='ltr'>tus</span> <span class='ocrx_word' id='word_1_61' title='bbox 172 679 188 700; x_wconf 82' lang='lat'>‚</span> <span class='ocrx_word' id='word_1_62' title='bbox 203 648 248 693; x_wconf 76' lang='grc' dir='ltr'>ἃ</span> <span class='ocrx_word' id='word_1_63' title='bbox 268 651 460 692; x_wconf 86' lang='lat' dir='ltr'>incertus</span> <span class='ocrx_word' id='word_1_64' title='bbox 477 678 491 700; x_wconf 88' lang='lat'>‚</span> <span class='ocrx_word' id='word_1_65' title='bbox 517 663 650 705; x_wconf 88' lang='lat' dir='ltr'>quem</span> <span class='ocrx_word' id='word_1_66' title='bbox 671 663 723 691; x_wconf 78' lang='lat' dir='ltr'>ex</span> <span class='ocrx_word' id='word_1_67' title='bbox 752 650 974 691; x_wconf 82' lang='lat' dir='ltr'>communi</span> <span class='ocrx_word' id='word_1_68' title='bbox 995 647 1226 702; x_wconf 80' lang='lat' dir='ltr'>praebenda</span> <span class='ocrx_word' id='word_1_69' title='bbox 1255 649 1398 702; x_wconf 87' lang='lat' dir='ltr'>perci-</span> 
     </span>
     <span class='ocr_line' id='line_1_10' title="bbox 83 705 1402 763; baseline -0.004 -13"><span class='ocrx_word' id='word_1_70' title='bbox 83 710 211 763; x_wconf 86' lang='lat' dir='ltr'>piunt</span> <span class='ocrx_word' id='word_1_71' title='bbox 227 706 568 750; x_wconf 84' lang='lat' dir='ltr'>Archidiaconus</span> <span class='ocrx_word' id='word_1_72' title='bbox 589 736 603 758; x_wconf 84' lang='lat'><em>‚</em></span> <span class='ocrx_word' id='word_1_73' title='bbox 625 707 897 750; x_wconf 74' lang='lat' dir='ltr'><strong>primicerius</strong></span> <span class='ocrx_word' id='word_1_74' title='bbox 916 736 930 758; x_wconf 82' lang='grc'><strong>,</strong></span> <span class='ocrx_word' id='word_1_75' title='bbox 963 705 1014 749; x_wconf 63' lang='grc' dir='ltr'>ὃς</span> <span class='ocrx_word' id='word_1_76' title='bbox 1034 706 1402 748; x_wconf 72' lang='lat' dir='ltr'>poenitentiarius</span> 
     </span>
     <span class='ocr_line' id='line_1_11' title="bbox 83 763 1400 822; baseline -0.002 -14"><span class='ocrx_word' id='word_1_77' title='bbox 83 778 203 808; x_wconf 85' lang='lat' dir='ltr'>scuta</span> <span class='ocrx_word' id='word_1_78' title='bbox 222 767 397 822; x_wconf 80' lang='lat' dir='ltr'>attingit</span> <span class='ocrx_word' id='word_1_79' title='bbox 428 767 601 807; x_wconf 74' lang='lat' dir='ltr'><strong>circiter</strong></span> <span class='ocrx_word' id='word_1_80' title='bbox 645 780 716 822; x_wconf 85' lang='lat'>30.</span> <span class='ocrx_word' id='word_1_81' title='bbox 768 779 848 820; x_wconf 85' lang='lat' dir='ltr'>pro</span> <span class='ocrx_word' id='word_1_82' title='bbox 885 765 1078 820; x_wconf 86' lang='lat' dir='ltr'>quolibet</span> <span class='ocrx_word' id='word_1_83' title='bbox 1111 793 1121 805; x_wconf 89' lang='lat'><strong>.</strong></span> <span class='ocrx_word' id='word_1_84' title='bbox 1165 763 1400 806; x_wconf 73' lang='lat' dir='ltr'>praebenda</span> 
     </span>
     <span class='ocr_line' id='line_1_12' title="bbox 82 822 1395 879; baseline -0.003 -13"><span class='ocrx_word' id='word_1_85' title='bbox 82 824 269 878; x_wconf 65' lang='lat' dir='ltr'>duorum</span> <span class='ocrx_word' id='word_1_86' title='bbox 290 823 641 866; x_wconf 73' lang='lat' dir='ltr'>canonicatuum</span> <span class='ocrx_word' id='word_1_87' title='bbox 661 822 1238 879; x_wconf 82' lang='lat' dir='ltr'>jurispatronatuslaicorum</span> <span class='ocrx_word' id='word_1_88' title='bbox 1256 850 1269 872; x_wconf 67' lang='lat' dir='ltr'>a</span> <span class='ocrx_word' id='word_1_89' title='bbox 1289 823 1395 862; x_wconf 81' lang='lat' dir='ltr'>alte-</span> 
     </span>
     <span class='ocr_line' id='line_1_13' title="bbox 82 878 1395 936; baseline -0.003 -12"><span class='ocrx_word' id='word_1_90' title='bbox 82 896 126 924; x_wconf 79' lang='lat' dir='ltr'>ra</span> <span class='ocrx_word' id='word_1_91' title='bbox 145 891 208 924; x_wconf 87' lang='lat' dir='ltr'>est</span> <span class='ocrx_word' id='word_1_92' title='bbox 230 890 454 923; x_wconf 85' lang='lat' dir='ltr'>scutorum</span> <span class='ocrx_word' id='word_1_93' title='bbox 471 884 640 923; x_wconf 75' lang='lat' dir='ltr'>circiter</span> <span class='ocrx_word' id='word_1_94' title='bbox 660 897 702 936; x_wconf 90' lang='lat'>9.</span> <span class='ocrx_word' id='word_1_95' title='bbox 717 910 732 934; x_wconf 83' lang='lat'>‚</span> <span class='ocrx_word' id='word_1_96' title='bbox 764 882 892 924; x_wconf 77' lang='lat' dir='ltr'>altera</span> <span class='ocrx_word' id='word_1_97' title='bbox 929 890 1155 922; x_wconf 84' lang='lat' dir='ltr'>scutorum</span> <span class='ocrx_word' id='word_1_98' title='bbox 1190 894 1232 934; x_wconf 87' lang='lat'>4.</span> <span class='ocrx_word' id='word_1_99' title='bbox 1256 878 1395 921; x_wconf 88' lang='lat' dir='ltr'>Com-</span> 
     </span>
     <span class='ocr_line' id='line_1_14' title="bbox 81 936 1400 995; baseline -0.004 -13"><span class='ocrx_word' id='word_1_100' title='bbox 81 942 228 982; x_wconf 81' lang='lat' dir='ltr'>munis</span> <span class='ocrx_word' id='word_1_101' title='bbox 243 940 425 981; x_wconf 80' lang='lat' dir='ltr'>aliorum</span> <span class='ocrx_word' id='word_1_102' title='bbox 444 953 515 981; x_wconf 74' lang='lat' dir='ltr'>sex</span> <span class='ocrx_word' id='word_1_103' title='bbox 542 939 769 994; x_wconf 61' lang='lat' dir='ltr'>preebenda</span> <span class='ocrx_word' id='word_1_104' title='bbox 786 941 946 995; x_wconf 82' lang='lat' dir='ltr'>cuique</span> <span class='ocrx_word' id='word_1_105' title='bbox 966 938 1192 980; x_wconf 84' lang='lat' dir='ltr'>Canonico</span> <span class='ocrx_word' id='word_1_106' title='bbox 1209 936 1281 978; x_wconf 82' lang='lat' dir='ltr'>dat</span> <span class='ocrx_word' id='word_1_107' title='bbox 1298 952 1400 980; x_wconf 86' lang='lat' dir='ltr'>scn-</span> 
     </span>
     <span class='ocr_line' id='line_1_15' title="bbox 80 997 1394 1054; baseline -0.002 -15"><span class='ocrx_word' id='word_1_108' title='bbox 80 1007 124 1040; x_wconf 83' lang='lat' dir='ltr'>ta</span> <span class='ocrx_word' id='word_1_109' title='bbox 154 1001 326 1040; x_wconf 72' lang='lat' dir='ltr'>circiter</span> <span class='ocrx_word' id='word_1_110' title='bbox 347 998 418 1047; x_wconf 80' lang='lat'>8.;</span> <span class='ocrx_word' id='word_1_111' title='bbox 451 1009 605 1054; x_wconf 73' lang='lat' dir='ltr'>praeter</span> <span class='ocrx_word' id='word_1_112' title='bbox 622 997 938 1038; x_wconf 69' lang='lat' dir='ltr'>distributiones</span> <span class='ocrx_word' id='word_1_113' title='bbox 956 998 999 1037; x_wconf 89' lang='lat' dir='ltr'>in</span> <span class='ocrx_word' id='word_1_114' title='bbox 1031 999 1184 1038; x_wconf 79' lang='lat' dir='ltr'>annuis</span> <span class='ocrx_word' id='word_1_115' title='bbox 1205 997 1336 1037; x_wconf 86' lang='lat' dir='ltr'>scutis</span> <span class='ocrx_word' id='word_1_116' title='bbox 1353 1011 1394 1051; x_wconf 87' lang='lat'>3.</span> 
     </span>
     <span class='ocr_line' id='line_1_16' title="bbox 80 1048 1393 1112; baseline -0.004 -15"><span class='ocrx_word' id='word_1_117' title='bbox 80 1056 258 1112; x_wconf 84' lang='lat' dir='ltr'>Reliqui</span> <span class='ocrx_word' id='word_1_118' title='bbox 281 1070 354 1096; x_wconf 84' lang='lat' dir='ltr'>sex</span> <span class='ocrx_word' id='word_1_119' title='bbox 371 1057 579 1097; x_wconf 74' lang='lat' dir='ltr'>C&#39;anonici</span> <span class='ocrx_word' id='word_1_120' title='bbox 597 1085 610 1106; x_wconf 82' lang='grc'><em>,</em></span> <span class='ocrx_word' id='word_1_121' title='bbox 630 1060 709 1110; x_wconf 85' lang='lat' dir='ltr'>qui</span> <span class='ocrx_word' id='word_1_122' title='bbox 728 1055 889 1096; x_wconf 75' lang='lat' dir='ltr'>nullam</span> <span class='ocrx_word' id='word_1_123' title='bbox 905 1055 1058 1096; x_wconf 79' lang='lat' dir='ltr'>habent</span> <span class='ocrx_word' id='word_1_124' title='bbox 1088 1048 1364 1109; x_wconf 66' lang='lat' dir='ltr'>praebendam</span> <span class='ocrx_word' id='word_1_125' title='bbox 1379 1085 1393 1102; x_wconf 85' lang='lat'>,</span> 
     </span>
     <span class='ocr_line' id='line_1_17' title="bbox 81 1113 1394 1171; baseline -0.002 -18"><span class='ocrx_word' id='word_1_126' title='bbox 81 1113 122 1153; x_wconf 75' lang='grc' dir='ltr'>δι</span> <span class='ocrx_word' id='word_1_127' title='bbox 140 1115 501 1168; x_wconf 78' lang='lat' dir='ltr'>supranumerarii</span> <span class='ocrx_word' id='word_1_128' title='bbox 525 1121 830 1171; x_wconf 81' lang='lat' dir='ltr'>nuncupantur</span> <span class='ocrx_word' id='word_1_129' title='bbox 845 1142 858 1163; x_wconf 80' lang='lat'><strong>‚</strong></span> <span class='ocrx_word' id='word_1_130' title='bbox 879 1113 1200 1155; x_wconf 75' lang='lat' dir='ltr'>distributiones</span> <span class='ocrx_word' id='word_1_131' title='bbox 1221 1122 1394 1152; x_wconf 75' lang='lat' dir='ltr'>tantuin</span> 
     </span>
     <span class='ocr_line' id='line_1_18' title="bbox 81 1171 1394 1226; baseline -0.003 -14"><span class='ocrx_word' id='word_1_132' title='bbox 81 1175 347 1226; x_wconf 75' lang='lat' dir='ltr'>participant</span> <span class='ocrx_word' id='word_1_133' title='bbox 363 1171 631 1226; x_wconf 80' lang='lat' dir='ltr'>quotidianas</span> <span class='ocrx_word' id='word_1_134' title='bbox 650 1199 664 1221; x_wconf 83' lang='lat'><strong>,</strong></span> <span class='ocrx_word' id='word_1_135' title='bbox 700 1171 932 1212; x_wconf 76' lang='lat' dir='ltr'>Canonicis</span> <span class='ocrx_word' id='word_1_136' title='bbox 966 1171 1165 1211; x_wconf 79' lang='lat' dir='ltr'>omnibus</span> <span class='ocrx_word' id='word_1_137' title='bbox 1192 1183 1394 1209; x_wconf 85' lang='lat' dir='ltr'>commu-</span> 
     </span>
     <span class='ocr_line' id='line_1_19' title="bbox 79 1226 1395 1284; baseline -0.003 -14"><span class='ocrx_word' id='word_1_138' title='bbox 79 1242 158 1271; x_wconf 84' lang='lat' dir='ltr'>nes</span> <span class='ocrx_word' id='word_1_139' title='bbox 172 1258 186 1281; x_wconf 89' lang='lat'><strong>,</strong></span> <span class='ocrx_word' id='word_1_140' title='bbox 207 1244 303 1284; x_wconf 67' lang='lat' dir='ltr'>quse</span> <span class='ocrx_word' id='word_1_141' title='bbox 324 1244 376 1269; x_wconf 80' lang='lat' dir='ltr'>ex</span> <span class='ocrx_word' id='word_1_142' title='bbox 391 1229 498 1270; x_wconf 82' lang='lat' dir='ltr'>ceris</span> <span class='ocrx_word' id='word_1_143' title='bbox 525 1229 730 1271; x_wconf 73' lang='lat' dir='ltr'>funerum</span> <span class='ocrx_word' id='word_1_144' title='bbox 748 1227 1078 1284; x_wconf 81' lang='lat' dir='ltr'>proficiscuntur</span> <span class='ocrx_word' id='word_1_145' title='bbox 1098 1257 1111 1277; x_wconf 79' lang='grc'><em>,</em></span> <span class='ocrx_word' id='word_1_146' title='bbox 1127 1226 1169 1268; x_wconf 69' lang='grc' dir='ltr'>ἃ</span> <span class='ocrx_word' id='word_1_147' title='bbox 1189 1242 1395 1282; x_wconf 74' lang='lat' dir='ltr'>quornm.</span> 
     </span>
     <span class='ocr_line' id='line_1_20' title="bbox 79 1285 1393 1342; baseline -0.003 -13"><span class='ocrx_word' id='word_1_148' title='bbox 79 1285 181 1329; x_wconf 87' lang='lat' dir='ltr'>dam</span> <span class='ocrx_word' id='word_1_149' title='bbox 211 1288 464 1342; x_wconf 82' lang='lat' dir='ltr'>capitalium</span> <span class='ocrx_word' id='word_1_150' title='bbox 499 1286 662 1329; x_wconf 73' lang='lat' dir='ltr'>fructus</span> <span class='ocrx_word' id='word_1_151' title='bbox 693 1315 708 1337; x_wconf 82' lang='lat'>,</span> <span class='ocrx_word' id='word_1_152' title='bbox 738 1299 811 1326; x_wconf 87' lang='lat' dir='ltr'>seu</span> <span class='ocrx_word' id='word_1_153' title='bbox 854 1294 974 1326; x_wconf 82' lang='lat' dir='ltr'>scuta</span> <span class='ocrx_word' id='word_1_154' title='bbox 1010 1287 1187 1325; x_wconf 79' lang='lat' dir='ltr'>circiter</span> <span class='ocrx_word' id='word_1_155' title='bbox 1212 1298 1284 1327; x_wconf 81' lang='lat' dir='ltr'>sex</span> <span class='ocrx_word' id='word_1_156' title='bbox 1313 1298 1393 1338; x_wconf 88' lang='lat' dir='ltr'>pro</span> 
     </span>
     <span class='ocr_line' id='line_1_21' title="bbox 78 1341 1393 1399; baseline -0.004 -11"><span class='ocrx_word' id='word_1_157' title='bbox 78 1347 290 1399; x_wconf 87' lang='lat' dir='ltr'>quolibet.</span> <span class='ocrx_word' id='word_1_158' title='bbox 313 1345 582 1385; x_wconf 77' lang='lat' dir='ltr'>Punotatnrae</span> <span class='ocrx_word' id='word_1_159' title='bbox 598 1371 614 1394; x_wconf 88' lang='lat'>,</span> <span class='ocrx_word' id='word_1_160' title='bbox 643 1357 717 1385; x_wconf 86' lang='lat' dir='ltr'>seu</span> <span class='ocrx_word' id='word_1_161' title='bbox 739 1342 940 1384; x_wconf 83' lang='lat' dir='ltr'>fallentiae</span> <span class='ocrx_word' id='word_1_162' title='bbox 958 1341 1280 1383; x_wconf 74' lang='lat' dir='ltr'>canonicorum</span> <span class='ocrx_word' id='word_1_163' title='bbox 1301 1356 1393 1383; x_wconf 86' lang='lat' dir='ltr'>nun</span> 
     </span>
     <span class='ocr_line' id='line_1_22' title="bbox 73 1396 1394 1452; baseline -0.003 -9"><span class='ocrx_word' id='word_1_164' title='bbox 73 1403 421 1446; x_wconf 66' lang='lat' dir='ltr'>interessendum</span> <span class='ocrx_word' id='word_1_165' title='bbox 439 1400 607 1452; x_wconf 83' lang='lat' dir='ltr'>choro,</span> <span class='ocrx_word' id='word_1_166' title='bbox 626 1415 713 1442; x_wconf 89' lang='lat' dir='ltr'>non</span> <span class='ocrx_word' id='word_1_167' title='bbox 740 1396 997 1443; x_wconf 72' lang='lat' dir='ltr'>accrescunt</span> <span class='ocrx_word' id='word_1_168' title='bbox 1026 1399 1394 1450; x_wconf 82' lang='lat' dir='ltr'>inseressentibus‚</span> 
     </span>
    </p>

    <p class='ocr_par' dir='ltr' id='par_1_2' title="bbox 24 1459 1394 1634">
     <span class='ocr_line' id='line_1_23' title="bbox 24 1459 1394 1517; baseline -0.005 -14"><span class='ocrx_word' id='word_1_169' title='bbox 24 1511 31 1515; x_wconf 40' lang='grc'><strong>,</strong></span> <span class='ocrx_word' id='word_1_170' title='bbox 77 1460 153 1503; x_wconf 84' lang='lat' dir='ltr'>sed</span> <span class='ocrx_word' id='word_1_171' title='bbox 171 1461 450 1517; x_wconf 84' lang='lat' dir='ltr'>deponuntur</span> <span class='ocrx_word' id='word_1_172' title='bbox 481 1473 631 1501; x_wconf 83' lang='lat' dir='ltr'>omnes</span> <span class='ocrx_word' id='word_1_173' title='bbox 662 1461 705 1501; x_wconf 89' lang='lat' dir='ltr'>in</span> <span class='ocrx_word' id='word_1_174' title='bbox 732 1472 829 1500; x_wconf 82' lang='lat' dir='ltr'>arca</span> <span class='ocrx_word' id='word_1_175' title='bbox 850 1468 1098 1512; x_wconf 81' lang='lat' dir='ltr'>nuncupata</span> <span class='ocrx_word' id='word_1_176' title='bbox 1131 1459 1175 1498; x_wconf 77' lang='lat' dir='ltr'>cli</span> <span class='ocrx_word' id='word_1_177' title='bbox 1201 1462 1362 1498; x_wconf 69' lang='lat' dir='ltr'>riserva</span> <span class='ocrx_word' id='word_1_178' title='bbox 1380 1487 1394 1508; x_wconf 85' lang='lat'>‚</span> 
     </span>
     <span class='ocr_line' id='line_1_24' title="bbox 78 1516 1389 1572; baseline -0.002 -12"><span class='ocrx_word' id='word_1_179' title='bbox 78 1529 127 1560; x_wconf 91' lang='lat' dir='ltr'>ut</span> <span class='ocrx_word' id='word_1_180' title='bbox 145 1534 196 1562; x_wconf 75' lang='lat' dir='ltr'>ex</span> <span class='ocrx_word' id='word_1_181' title='bbox 235 1523 295 1560; x_wconf 90' lang='lat' dir='ltr'>eis</span> <span class='ocrx_word' id='word_1_182' title='bbox 316 1517 473 1560; x_wconf 84' lang='lat' dir='ltr'>confici</span> <span class='ocrx_word' id='word_1_183' title='bbox 499 1517 671 1558; x_wconf 81' lang='lat' dir='ltr'>valeant</span> <span class='ocrx_word' id='word_1_184' title='bbox 700 1517 897 1572; x_wconf 82' lang='lat' dir='ltr'>capitalia</span> <span class='ocrx_word' id='word_1_185' title='bbox 940 1525 1018 1571; x_wconf 78' lang='lat' dir='ltr'>pro</span> <span class='ocrx_word' id='word_1_186' title='bbox 1057 1516 1389 1558; x_wconf 76' lang='lat' dir='ltr'>occurrentibus</span> 
     </span>
     <span class='ocr_line' id='line_1_25' title="bbox 75 1573 1278 1634; baseline -0.005 -16"><span class='ocrx_word' id='word_1_187' title='bbox 75 1579 269 1634; x_wconf 79' lang='lat' dir='ltr'>expensis</span> <span class='ocrx_word' id='word_1_188' title='bbox 284 1606 299 1627; x_wconf 83' lang='lat'>‚</span> <span class='ocrx_word' id='word_1_189' title='bbox 313 1578 356 1619; x_wconf 61' lang='grc'>8(</span> <span class='ocrx_word' id='word_1_190' title='bbox 386 1577 576 1630; x_wconf 79' lang='lat' dir='ltr'>ipsarum</span> <span class='ocrx_word' id='word_1_191' title='bbox 596 1573 946 1616; x_wconf 82' lang='lat' dir='ltr'>distributionum</span> <span class='ocrx_word' id='word_1_192' title='bbox 981 1582 1246 1629; x_wconf 79' lang='lat' dir='ltr'>augumento</span> <span class='ocrx_word' id='word_1_193' title='bbox 1266 1601 1278 1613; x_wconf 90' lang='lat'><strong>.</strong></span> 
     </span>
    </p>

    <p class='ocr_par' dir='ltr' id='par_1_3' title="bbox 18 1630 1397 2093">
     <span class='ocr_line' id='line_1_26' title="bbox 18 1630 1394 1691; baseline -0.005 -13"><span class='ocrx_word' id='word_1_194' title='bbox 18 1634 91 1678; x_wconf 83' lang='lat' dir='ltr'>Ab</span> <span class='ocrx_word' id='word_1_195' title='bbox 112 1639 289 1679; x_wconf 87' lang='lat' dir='ltr'>ineunte</span> <span class='ocrx_word' id='word_1_196' title='bbox 309 1633 549 1691; x_wconf 81' lang='lat' dir='ltr'>Collegiata</span> <span class='ocrx_word' id='word_1_197' title='bbox 568 1631 620 1674; x_wconf 87' lang='lat' dir='ltr'>ad</span> <span class='ocrx_word' id='word_1_198' title='bbox 641 1631 756 1675; x_wconf 88' lang='lat' dir='ltr'>diem</span> <span class='ocrx_word' id='word_1_199' title='bbox 783 1630 1118 1688; x_wconf 86' lang='lat' dir='ltr'>15.Septembris</span> <span class='ocrx_word' id='word_1_200' title='bbox 1138 1647 1150 1671; x_wconf 83' lang='grc' dir='ltr'><strong><em>ι</em></strong></span> <span class='ocrx_word' id='word_1_201' title='bbox 1164 1632 1260 1687; x_wconf 85' lang='lat'>760.</span> <span class='ocrx_word' id='word_1_202' title='bbox 1285 1643 1394 1684; x_wconf 83' lang='lat' dir='ltr'>quo-</span> 
     </span>
     <span class='ocr_line' id='line_1_27' title="bbox 76 1688 1395 1738; baseline -0.008 -1"><span class='ocrx_word' id='word_1_203' title='bbox 76 1694 186 1737; x_wconf 87' lang='lat' dir='ltr'>tidie</span> <span class='ocrx_word' id='word_1_204' title='bbox 233 1693 440 1735; x_wconf 87' lang='lat' dir='ltr'>Canonici</span> <span class='ocrx_word' id='word_1_205' title='bbox 490 1690 671 1733; x_wconf 82' lang='lat' dir='ltr'>Missam</span> <span class='ocrx_word' id='word_1_206' title='bbox 711 1691 978 1733; x_wconf 84' lang='lat' dir='ltr'>celebrarunt</span> <span class='ocrx_word' id='word_1_207' title='bbox 1012 1688 1361 1731; x_wconf 73' lang='lat' dir='ltr'>conventualem</span> <span class='ocrx_word' id='word_1_208' title='bbox 1379 1718 1395 1738; x_wconf 84' lang='lat'>‚</span> 
     </span>
     <span class='ocr_line' id='line_1_28' title="bbox 76 1745 1395 1808; baseline -0.007 -14"><span class='ocrx_word' id='word_1_209' title='bbox 76 1765 218 1808; x_wconf 89' lang='lat' dir='ltr'>quum</span> <span class='ocrx_word' id='word_1_210' title='bbox 239 1760 385 1807; x_wconf 70' lang='lat' dir='ltr'>preter</span> <span class='ocrx_word' id='word_1_211' title='bbox 422 1760 522 1792; x_wconf 87' lang='lat' dir='ltr'>suos</span> <span class='ocrx_word' id='word_1_212' title='bbox 540 1748 702 1790; x_wconf 86' lang='lat' dir='ltr'>reditus</span> <span class='ocrx_word' id='word_1_213' title='bbox 719 1778 733 1801; x_wconf 85' lang='grc'><strong>,</strong></span> <span class='ocrx_word' id='word_1_214' title='bbox 763 1749 1059 1802; x_wconf 86' lang='lat' dir='ltr'>eleemorynas</span> <span class='ocrx_word' id='word_1_215' title='bbox 1079 1761 1102 1788; x_wconf 81' lang='lat' dir='ltr'>a</span> <span class='ocrx_word' id='word_1_216' title='bbox 1133 1745 1395 1801; x_wconf 79' lang='lat' dir='ltr'>quibusdam</span> 
     </span>
     <span class='ocr_line' id='line_1_29' title="bbox 74 1803 1396 1866; baseline -0.005 -16"><span class='ocrx_word' id='word_1_217' title='bbox 74 1811 159 1866; x_wconf 82' lang='lat' dir='ltr'>piis</span> <span class='ocrx_word' id='word_1_218' title='bbox 190 1813 293 1852; x_wconf 90' lang='lat' dir='ltr'>viris</span> <span class='ocrx_word' id='word_1_219' title='bbox 313 1808 509 1864; x_wconf 78' lang='lat' dir='ltr'>accipere</span> <span class='ocrx_word' id='word_1_220' title='bbox 539 1809 861 1849; x_wconf 85' lang='lat' dir='ltr'>consuevissent</span> <span class='ocrx_word' id='word_1_221' title='bbox 897 1835 907 1846; x_wconf 93' lang='lat'><em>.</em></span> <span class='ocrx_word' id='word_1_222' title='bbox 944 1806 1025 1847; x_wconf 88' lang='lat' dir='ltr'>His</span> <span class='ocrx_word' id='word_1_223' title='bbox 1059 1819 1160 1848; x_wconf 77' lang='lat' dir='ltr'>vero</span> <span class='ocrx_word' id='word_1_224' title='bbox 1190 1803 1396 1855; x_wconf 84' lang='lat' dir='ltr'>defectis,</span> 
     </span>
     <span class='ocr_line' id='line_1_30' title="bbox 77 1862 1397 1926; baseline -0.007 -16"><span class='ocrx_word' id='word_1_225' title='bbox 77 1868 271 1926; x_wconf 86' lang='lat' dir='ltr'>suppleri</span> <span class='ocrx_word' id='word_1_226' title='bbox 291 1881 413 1923; x_wconf 81' lang='lat' dir='ltr'>posse</span> <span class='ocrx_word' id='word_1_227' title='bbox 443 1874 707 1908; x_wconf 86' lang='lat' dir='ltr'>censuerunt</span> <span class='ocrx_word' id='word_1_228' title='bbox 742 1862 885 1907; x_wconf 79' lang='lat' dir='ltr'>Missae</span> <span class='ocrx_word' id='word_1_229' title='bbox 916 1862 1212 1904; x_wconf 77' lang='lat' dir='ltr'>conventuali</span> <span class='ocrx_word' id='word_1_230' title='bbox 1247 1862 1397 1915; x_wconf 85' lang='lat' dir='ltr'>priva-</span> 
     </span>
     <span class='ocr_line' id='line_1_31' title="bbox 75 1918 1397 1979; baseline -0.006 -12"><span class='ocrx_word' id='word_1_231' title='bbox 75 1929 132 1968; x_wconf 83' lang='lat' dir='ltr'>tis</span> <span class='ocrx_word' id='word_1_232' title='bbox 161 1925 427 1967; x_wconf 83' lang='lat' dir='ltr'>orationibus</span> <span class='ocrx_word' id='word_1_233' title='bbox 446 1952 460 1975; x_wconf 90' lang='lat'><strong>,</strong></span> <span class='ocrx_word' id='word_1_234' title='bbox 489 1923 532 1966; x_wconf 73' lang='lat'>81</span> <span class='ocrx_word' id='word_1_235' title='bbox 562 1922 613 1965; x_wconf 86' lang='lat' dir='ltr'>ad</span> <span class='ocrx_word' id='word_1_236' title='bbox 645 1937 807 1965; x_wconf 84' lang='lat' dir='ltr'>annum</span> <span class='ocrx_word' id='word_1_237' title='bbox 834 1923 956 1979; x_wconf 85' lang='lat'>1766.</span> <span class='ocrx_word' id='word_1_238' title='bbox 974 1922 1024 1960; x_wconf 76' lang='lat' dir='ltr'>ab</span> <span class='ocrx_word' id='word_1_239' title='bbox 1060 1935 1106 1960; x_wconf 80' lang='lat' dir='ltr'>ea</span> <span class='ocrx_word' id='word_1_240' title='bbox 1144 1918 1397 1976; x_wconf 79' lang='lat' dir='ltr'>applicanda</span> 
     </span>
     <span class='ocr_line' id='line_1_32' title="bbox 75 1978 1396 2036; baseline -0.008 -11"><span class='ocrx_word' id='word_1_241' title='bbox 75 1983 333 2025; x_wconf 80' lang='lat' dir='ltr'>destiterunt</span> <span class='ocrx_word' id='word_1_242' title='bbox 356 2012 366 2024; x_wconf 91' lang='lat'><strong>.</strong></span> <span class='ocrx_word' id='word_1_243' title='bbox 383 1982 728 2036; x_wconf 83' lang='lat' dir='ltr'>Resumpseruut</span> <span class='ocrx_word' id='word_1_244' title='bbox 748 1980 906 2023; x_wconf 78' lang='lat' dir='ltr'>deinde</span> <span class='ocrx_word' id='word_1_245' title='bbox 928 1981 1039 2019; x_wconf 85' lang='lat' dir='ltr'>illius</span> <span class='ocrx_word' id='word_1_246' title='bbox 1059 1978 1396 2033; x_wconf 72' lang='lat' dir='ltr'>applicationem</span> 
     </span>
     <span class='ocr_line' id='line_1_33' title="bbox 75 2040 1396 2093; baseline -0.008 -11"><span class='ocrx_word' id='word_1_247' title='bbox 75 2040 226 2083; x_wconf 86' lang='lat' dir='ltr'>diebus</span> <span class='ocrx_word' id='word_1_248' title='bbox 246 2041 490 2084; x_wconf 86' lang='lat' dir='ltr'>Dominicis</span> <span class='ocrx_word' id='word_1_249' title='bbox 507 2049 676 2080; x_wconf 84' lang='lat' dir='ltr'>tantum</span> <span class='ocrx_word' id='word_1_250' title='bbox 698 2067 713 2090; x_wconf 83' lang='lat'><strong>,</strong></span> <span class='ocrx_word' id='word_1_251' title='bbox 746 2047 919 2093; x_wconf 84' lang='lat' dir='ltr'>sumpta</span> <span class='ocrx_word' id='word_1_252' title='bbox 953 2052 1004 2079; x_wconf 83' lang='lat' dir='ltr'>ex</span> <span class='ocrx_word' id='word_1_253' title='bbox 1031 2051 1164 2077; x_wconf 74' lang='lat' dir='ltr'>massa</span> <span class='ocrx_word' id='word_1_254' title='bbox 1191 2047 1396 2075; x_wconf 85' lang='lat' dir='ltr'>commu-</span> 
     </span>
    </p>

    <p class='ocr_par' dir='ltr' id='par_1_4' title="bbox 43 2094 1397 2737">
     <span class='ocr_line' id='line_1_34' title="bbox 43 2094 1395 2152; baseline -0.009 -10"><span class='ocrx_word' id='word_1_255' title='bbox 43 2146 45 2148; x_wconf 56' lang='grc'>,</span> <span class='ocrx_word' id='word_1_256' title='bbox 74 2100 201 2142; x_wconf 81' lang='lat' dir='ltr'>nium</span> <span class='ocrx_word' id='word_1_257' title='bbox 219 2099 568 2140; x_wconf 78' lang='lat' dir='ltr'>distributionum</span> <span class='ocrx_word' id='word_1_258' title='bbox 590 2096 867 2152; x_wconf 80' lang='lat' dir='ltr'>eleemosyna</span> <span class='ocrx_word' id='word_1_259' title='bbox 887 2125 901 2147; x_wconf 84' lang='lat'><strong>,</strong></span> <span class='ocrx_word' id='word_1_260' title='bbox 937 2108 1123 2150; x_wconf 84' lang='lat' dir='ltr'>eamque</span> <span class='ocrx_word' id='word_1_261' title='bbox 1159 2094 1395 2134; x_wconf 85' lang='lat' dir='ltr'>continua-</span> 
     </span>
     <span class='ocr_line' id='line_1_35' title="bbox 73 2151 1396 2212; baseline -0.007 -13"><span class='ocrx_word' id='word_1_262' title='bbox 73 2166 179 2199; x_wconf 84' lang='lat' dir='ltr'>runt</span> <span class='ocrx_word' id='word_1_263' title='bbox 217 2155 270 2199; x_wconf 85' lang='lat' dir='ltr'>ad</span> <span class='ocrx_word' id='word_1_264' title='bbox 304 2157 497 2212; x_wconf 84' lang='lat' dir='ltr'>elapsum</span> <span class='ocrx_word' id='word_1_265' title='bbox 530 2168 693 2196; x_wconf 83' lang='lat' dir='ltr'>annum</span> <span class='ocrx_word' id='word_1_266' title='bbox 734 2169 857 2209; x_wconf 84' lang='lat'><strong>¹794·</strong></span> <span class='ocrx_word' id='word_1_267' title='bbox 901 2155 1032 2196; x_wconf 89' lang='lat' dir='ltr'>Tunc</span> <span class='ocrx_word' id='word_1_268' title='bbox 1059 2151 1112 2195; x_wconf 81' lang='lat' dir='ltr'>ad</span> <span class='ocrx_word' id='word_1_269' title='bbox 1151 2151 1396 2193; x_wconf 86' lang='lat' dir='ltr'>suasionem</span> 
     </span>
     <span class='ocr_line' id='line_1_36' title="bbox 72 2210 1393 2274; baseline -0.008 -16"><span class='ocrx_word' id='word_1_270' title='bbox 72 2218 241 2272; x_wconf 82' lang='lat' dir='ltr'>proprii</span> <span class='ocrx_word' id='word_1_271' title='bbox 259 2213 549 2274; x_wconf 82' lang='lat' dir='ltr'>brugnatensis</span> <span class='ocrx_word' id='word_1_272' title='bbox 568 2212 770 2268; x_wconf 82' lang='lat' dir='ltr'>Episcopi</span> <span class='ocrx_word' id='word_1_273' title='bbox 790 2211 991 2253; x_wconf 83' lang='lat' dir='ltr'>eamdem</span> <span class='ocrx_word' id='word_1_274' title='bbox 1023 2210 1239 2265; x_wconf 78' lang='lat' dir='ltr'>applicare</span> <span class='ocrx_word' id='word_1_275' title='bbox 1259 2220 1393 2263; x_wconf 84' lang='lat' dir='ltr'>cepe-</span> 
     </span>
     <span class='ocr_line' id='line_1_37' title="bbox 71 2266 1394 2326; baseline -0.008 -10"><span class='ocrx_word' id='word_1_276' title='bbox 71 2285 178 2316; x_wconf 79' lang='lat' dir='ltr'>runt</span> <span class='ocrx_word' id='word_1_277' title='bbox 200 2273 377 2315; x_wconf 83' lang='lat' dir='ltr'>Missam</span> <span class='ocrx_word' id='word_1_278' title='bbox 397 2271 572 2326; x_wconf 85' lang='lat' dir='ltr'>reliquis</span> <span class='ocrx_word' id='word_1_279' title='bbox 591 2271 740 2314; x_wconf 88' lang='lat' dir='ltr'>diebus</span> <span class='ocrx_word' id='word_1_280' title='bbox 760 2268 877 2311; x_wconf 82' lang='lat' dir='ltr'>festis</span> <span class='ocrx_word' id='word_1_281' title='bbox 900 2270 953 2311; x_wconf 85' lang='lat' dir='ltr'>de</span> <span class='ocrx_word' id='word_1_282' title='bbox 974 2276 1199 2325; x_wconf 71' lang='lat' dir='ltr'>praecepto</span> <span class='ocrx_word' id='word_1_283' title='bbox 1220 2295 1234 2318; x_wconf 82' lang='grc'><em>,</em></span> <span class='ocrx_word' id='word_1_284' title='bbox 1256 2266 1296 2306; x_wconf 76' lang='grc' dir='ltr'>ὅ(</span> <span class='ocrx_word' id='word_1_285' title='bbox 1319 2277 1394 2307; x_wconf 84' lang='lat' dir='ltr'>ac-</span> 
     </span>
     <span class='ocr_line' id='line_1_38' title="bbox 73 2324 1394 2388; baseline -0.008 -14"><span class='ocrx_word' id='word_1_286' title='bbox 73 2342 203 2387; x_wconf 86' lang='lat' dir='ltr'>cepta</span> <span class='ocrx_word' id='word_1_287' title='bbox 226 2333 386 2388; x_wconf 85' lang='lat' dir='ltr'>abipso</span> <span class='ocrx_word' id='word_1_288' title='bbox 400 2330 612 2385; x_wconf 83' lang='lat' dir='ltr'>Episcopo</span> <span class='ocrx_word' id='word_1_289' title='bbox 647 2329 924 2384; x_wconf 87' lang='lat' dir='ltr'>eleemosyna</span> <span class='ocrx_word' id='word_1_290' title='bbox 951 2353 967 2378; x_wconf 71' lang='grc'><strong>,</strong></span> <span class='ocrx_word' id='word_1_291' title='bbox 1006 2328 1137 2368; x_wconf 87' lang='lat' dir='ltr'>etiam</span> <span class='ocrx_word' id='word_1_292' title='bbox 1171 2324 1394 2379; x_wconf 85' lang='lat' dir='ltr'>profestis.</span> 
     </span>
     <span class='ocr_line' id='line_1_39' title="bbox 74 2382 1396 2446; baseline -0.008 -14"><span class='ocrx_word' id='word_1_293' title='bbox 74 2390 315 2446; x_wconf 83' lang='lat' dir='ltr'>Quousque</span> <span class='ocrx_word' id='word_1_294' title='bbox 354 2398 499 2431; x_wconf 85' lang='lat' dir='ltr'>autem</span> <span class='ocrx_word' id='word_1_295' title='bbox 523 2387 640 2428; x_wconf 87' lang='lat' dir='ltr'>illam</span> <span class='ocrx_word' id='word_1_296' title='bbox 662 2386 858 2442; x_wconf 85' lang='lat' dir='ltr'>quotidie</span> <span class='ocrx_word' id='word_1_297' title='bbox 886 2385 1185 2436; x_wconf 80' lang='lat' dir='ltr'>celebrarunt,</span> <span class='ocrx_word' id='word_1_298' title='bbox 1205 2382 1396 2424; x_wconf 85' lang='lat' dir='ltr'>celebra-</span> 
     </span>
     <span class='ocr_line' id='line_1_40' title="bbox 74 2444 1397 2498; baseline -0.007 -8"><span class='ocrx_word' id='word_1_299' title='bbox 74 2462 123 2490; x_wconf 81' lang='lat' dir='ltr'>re</span> <span class='ocrx_word' id='word_1_300' title='bbox 151 2446 648 2491; x_wconf 78' lang='lat' dir='ltr'>consueverunt‚lectam</span> <span class='ocrx_word' id='word_1_301' title='bbox 666 2444 817 2486; x_wconf 85' lang='lat' dir='ltr'>diebus</span> <span class='ocrx_word' id='word_1_302' title='bbox 847 2444 1075 2498; x_wconf 78' lang='lat' dir='ltr'>profestiS,</span> <span class='ocrx_word' id='word_1_303' title='bbox 1114 2454 1162 2483; x_wconf 85' lang='lat' dir='ltr'>ac</span> <span class='ocrx_word' id='word_1_304' title='bbox 1198 2449 1397 2495; x_wconf 86' lang='lat' dir='ltr'>tempore</span> 
     </span>
     <span class='ocr_line' id='line_1_41' title="bbox 73 2498 1396 2561; baseline -0.011 -10"><span class='ocrx_word' id='word_1_305' title='bbox 73 2508 207 2553; x_wconf 86' lang='lat' dir='ltr'>etiam</span> <span class='ocrx_word' id='word_1_306' title='bbox 222 2537 236 2559; x_wconf 85' lang='lat'><strong>,</strong></span> <span class='ocrx_word' id='word_1_307' title='bbox 254 2520 341 2561; x_wconf 87' lang='lat' dir='ltr'>quo</span> <span class='ocrx_word' id='word_1_308' title='bbox 361 2503 652 2546; x_wconf 78' lang='lat' dir='ltr'>recitabantur</span> <span class='ocrx_word' id='word_1_309' title='bbox 683 2502 800 2544; x_wconf 77' lang='lat' dir='ltr'>horae</span> <span class='ocrx_word' id='word_1_310' title='bbox 816 2503 1024 2556; x_wconf 75' lang='lat' dir='ltr'>canonice</span> <span class='ocrx_word' id='word_1_311' title='bbox 1044 2502 1087 2543; x_wconf 89' lang='lat' dir='ltr'>in</span> <span class='ocrx_word' id='word_1_312' title='bbox 1105 2498 1250 2540; x_wconf 83' lang='lat' dir='ltr'>Choro</span> <span class='ocrx_word' id='word_1_313' title='bbox 1265 2514 1278 2548; x_wconf 76' lang='grc' dir='ltr'><strong>ς</strong></span> <span class='ocrx_word' id='word_1_314' title='bbox 1292 2509 1396 2538; x_wconf 87' lang='lat' dir='ltr'>cum</span> 
     </span>
     <span class='ocr_line' id='line_1_42' title="bbox 77 2554 1397 2612; baseline -0.01 -4"><span class='ocrx_word' id='word_1_315' title='bbox 77 2575 208 2610; x_wconf 85' lang='lat' dir='ltr'>cantu</span> <span class='ocrx_word' id='word_1_316' title='bbox 228 2564 376 2607; x_wconf 85' lang='lat' dir='ltr'>diebus</span> <span class='ocrx_word' id='word_1_317' title='bbox 397 2562 541 2610; x_wconf 83' lang='lat' dir='ltr'>festis;</span> <span class='ocrx_word' id='word_1_318' title='bbox 573 2560 624 2604; x_wconf 65' lang='grc' dir='ltr'>ὃς</span> <span class='ocrx_word' id='word_1_319' title='bbox 643 2573 746 2602; x_wconf 88' lang='lat' dir='ltr'>cum</span> <span class='ocrx_word' id='word_1_320' title='bbox 770 2560 967 2602; x_wconf 89' lang='lat' dir='ltr'>Diacono</span> <span class='ocrx_word' id='word_1_321' title='bbox 987 2587 1002 2612; x_wconf 84' lang='lat'><strong>,</strong></span> <span class='ocrx_word' id='word_1_322' title='bbox 1030 2571 1080 2601; x_wconf 81' lang='lat' dir='ltr'>ac</span> <span class='ocrx_word' id='word_1_323' title='bbox 1119 2554 1397 2599; x_wconf 76' lang='lat' dir='ltr'>Subdiacbno</span> 
     </span>
     <span class='ocr_line' id='line_1_43' title="bbox 72 2613 1397 2669; baseline -0.014 0"><span class='ocrx_word' id='word_1_324' title='bbox 72 2626 119 2669; x_wconf 80' lang='lat' dir='ltr'>in</span> <span class='ocrx_word' id='word_1_325' title='bbox 137 2622 483 2666; x_wconf 75' lang='lat' dir='ltr'>solemnioribus.</span> <span class='ocrx_word' id='word_1_326' title='bbox 511 2618 790 2661; x_wconf 70' lang='lat' dir='ltr'>Sanctissimo</span> <span class='ocrx_word' id='word_1_327' title='bbox 806 2617 984 2660; x_wconf 88' lang='lat' dir='ltr'>tandem</span> <span class='ocrx_word' id='word_1_328' title='bbox 1017 2617 1204 2660; x_wconf 80' lang='lat' dir='ltr'>Domino</span> <span class='ocrx_word' id='word_1_329' title='bbox 1238 2613 1397 2657; x_wconf 74' lang='lat' dir='ltr'>Nostro</span> 
     </span>
     <span class='ocr_line' id='line_1_44' title="bbox 74 2670 1396 2737; baseline -0.011 -13"><span class='ocrx_word' id='word_1_330' title='bbox 74 2681 377 2737; x_wconf 84' lang='lat' dir='ltr'>supplicarunt</span> <span class='ocrx_word' id='word_1_331' title='bbox 395 2694 473 2736; x_wconf 85' lang='lat' dir='ltr'>pro</span> <span class='ocrx_word' id='word_1_332' title='bbox 489 2678 622 2734; x_wconf 89' lang='lat' dir='ltr'>ipsius</span> <span class='ocrx_word' id='word_1_333' title='bbox 652 2675 800 2720; x_wconf 63' lang='lat' dir='ltr'>Missae</span> <span class='ocrx_word' id='word_1_334' title='bbox 840 2675 1095 2718; x_wconf 81' lang='lat' dir='ltr'>reductione</span> <span class='ocrx_word' id='word_1_335' title='bbox 1125 2672 1178 2715; x_wconf 85' lang='lat' dir='ltr'>ad</span> <span class='ocrx_word' id='word_1_336' title='bbox 1208 2670 1396 2715; x_wconf 79' lang='lat' dir='ltr'>novissi-</span> 
     </span>
    </p>
   </div>
   <div class='ocr_carea' id='block_1_2' title="bbox 67 2731 1401 2828">
    <p class='ocr_par' dir='ltr' id='par_1_5' title="bbox 67 2731 1401 2828">
     <span class='ocr_line' id='line_1_45' title="bbox 67 2731 1397 2828; baseline -0.01 -43"><span class='ocrx_word' id='word_1_337' title='bbox 67 2753 201 2791; x_wconf 84' lang='lat' dir='ltr'>mum</span> <span class='ocrx_word' id='word_1_338' title='bbox 231 2748 388 2786; x_wconf 81' lang='lat' dir='ltr'>statum</span> <span class='ocrx_word' id='word_1_339' title='bbox 409 2768 425 2794; x_wconf 85' lang='lat'><strong><em>,</em></strong></span> <span class='ocrx_word' id='word_1_340' title='bbox 447 2752 523 2783; x_wconf 87' lang='lat' dir='ltr'>seu</span> <span class='ocrx_word' id='word_1_341' title='bbox 540 2735 593 2780; x_wconf 77' lang='lat' dir='ltr'>ad</span> <span class='ocrx_word' id='word_1_342' title='bbox 623 2733 712 2778; x_wconf 75' lang='lat' dir='ltr'>dies</span> <span class='ocrx_word' id='word_1_343' title='bbox 739 2747 892 2780; x_wconf 87' lang='lat' dir='ltr'>omnes</span> <span class='ocrx_word' id='word_1_344' title='bbox 920 2735 1049 2777; x_wconf 63' lang='lat' dir='ltr'>festos</span> <span class='ocrx_word' id='word_1_345' title='bbox 1070 2731 1124 2794; x_wconf 84' lang='lat' dir='ltr'>de</span> <span class='ocrx_word' id='word_1_346' title='bbox 1140 2737 1361 2828; x_wconf 35' lang='lat' dir='ltr'>praecepltjo</span> <span class='ocrx_word' id='word_1_347' title='bbox 1384 2756 1397 2767; x_wconf 85' lang='lat'><strong>.</strong></span> 
     </span>
     <span class='ocr_line' id='line_1_46' title="bbox 1340 2798 1401 2828; baseline 0.016 -1"><span class='ocrx_word' id='word_1_348' title='bbox 1340 2798 1401 2828; x_wconf 78' lang='lat' dir='ltr'>re-</span> 
     </span>
    </p>
   </div>
  </div>
 </body>
</html>
