1945 2928
589 162 673 207 312
1016 162 1080 202 ¹7·
1098 145 1336 189 Decembris
1358 148 1484 202 1796.

588 219 631 249 to
647 206 842 247 omicidia
864 234 876 255 ‚
908 217 1022 245 mero
1053 205 1334 246 involonecm’o
1352 232 1365 254 ,
1389 218 1413 244 e
1444 204 1613 246 casuale
1644 219 1657 253 ;
1684 204 1743 244 ecl
1771 202 1906 246 attexo

589 265 622 305 il
644 265 692 305 cli
703 263 892 304 litibuon
920 272 1104 303 coslume
1122 292 1134 313 ‚
1164 263 1219 304 ecl
1251 262 1389 303 indole
1422 263 1697 304 ecclesiastica
1716 291 1730 313 ,
1759 262 1816 302 ecl
1839 273 1911 304 cn-

589 332 678 363 tem
697 321 740 362 Ia
758 319 959 361 necessit&
977 349 992 370 ‚
1021 320 1076 360 ecl
1088 319 1224 362 ιιιίΙὶιὰ
1242 322 1285 363 cli
1310 320 1451 377 quella
1482 318 1637 363 Cltiesct
1659 348 1674 372 ,
1701 320 1913 362 abilitarlo

589 380 650 420 acl
659 378 884 419 ascendere
903 383 944 419 cti
958 379 1086 435 Sayri
1110 380 1257 420 Ordim‘
1275 409 1286 422 .

530 438 720 483 Causam
752 433 920 477 dedisse
955 437 1127 479 videtur
1157 437 1316 479 Orator
1345 435 1582 479 homicidio
1613 436 1670 478 ob
1701 449 1794 477 eam
1823 451 1912 479 non

588 494 830 546 adhibitam
867 494 1132 551 diligentiam
1152 525 1166 547 ‚
1197 509 1327 550 quam
1368 495 1554 549 prudens
1569 497 1757 550 quisque
1791 493 1910 536 adhi-

584 555 747 595 buisset
767 554 811 594 in
833 551 1137 607 perscrutanda
1157 555 1277 610 ignea
1294 555 1457 595 ballista
1477 583 1492 604 ,
1522 553 1701 608 impleta
1735 565 1816 593 nec
1854 566 1909 596 ne

586 620 697 653 esset
734 610 914 665 pulvere
966 613 1247 653 tormentario
1279 641 1292 661 ‚
1337 612 1641 666 plumbeisque
1695 609 1909 667 globulis,

584 671 844 725 priusquam
864 667 918 710 de
933 683 981 710 ea
1004 671 1247 725 periculum
1267 670 1426 711 faceret
1447 685 1461 721 ;
1492 668 1677 724 ideoque
1710 671 1909 728 irregula-

579 729 757 771 ritatem
788 727 966 769 fortasse
995 724 1211 770 contraxit
1232 757 1247 780 ‚
1279 742 1302 769 a
1328 743 1413 784 qua
1451 728 1662 769 immunis
1688 738 1779 768 uon
1808 736 1910 782 est,

580 787 663 840 qui
697 795 910 828 remotam
925 787 1054 828 etiam
1077 799 1249 829 causam
1269 786 1340 828 dat
1367 785 1601 828 homicidio
1629 785 1823 836 casuali,
1849 800 1910 828 ex

581 844 696 886 Can.
716 842 760 883 Ιιι·
773 873 789 896 ,
818 849 894 900 qui
911 843 1106 885 arborem
1123 846 1305 886 distinct.
1335 860 1403 900 5ο.
1418 873 1435 896 ,
1464 847 1506 886 in
1527 843 1652 896 cujus
1667 845 1909 886 summario

581 901 742 958 legitur
774 920 795 942 =
828 902 1115 944 Homiciclirtm
1131 903 1302 944 casuale
1316 909 1554 958 imputatur
1583 905 1652 953 ei,
1679 905 1754 956 qui
1771 902 1918 944 dabat*

582 973 763 1015 operam
782 965 843 1001 rei
858 960 1004 1011 liciae,
1031 962 1066 1002 si
1092 976 1176 1004 non
1202 960 1391 1002 adhibuit
1425 961 1690 1018 diligentium
1727 988 1744 1011 ‚
1769 974 1908 1017 qnam

581 1017 725 1059 debuit
758 1035 781 1058 ε
807 1016 924 1059 'Satis
952 1017 1134 1074 diligens
1164 1027 1312 1060 contra
1348 1019 1476 1060 tuisse
1519 1027 1718 1061 censetur
1754 1046 1771 1070 ,
1798 1016 1915 1061 dum·

577 1089 604 1117 a
620 1074 802 1117 domino
822 1077 960 1133 igneae
979 1077 1157 1118 ballistae
1173 1078 1327 1119 certior
1349 1076 1437 1117 fieri
1457 1075 1594 1117 voluit
1622 1074 1676 1116 de
1696 1075 1808 1117 illius
1825 1089 1906 1117 va-

574 1136 742 1177 cuitate
760 1163 775 1186 ,
806 1144 855 1176 nt
877 1136 1008 1178 refert
1021 1134 1276 1177 ordinarius
1298 1163 1308 1175 .
1329 1135 1376 1176 ln
1398 1135 1458 1175 his
1479 1148 1580 1176 sane
1601 1135 1798 1176 terminis
1819 1132 1905 1175 du-

574 1192 705 1234 bitari
725 1202 868 1248 posset
889 1191 1182 1240 dercoutracta
1204 1192 1518 1250 irregularitate
1551 1208 1565 1242 3
1596 1205 1698 1234 nam
1729 1191 1906 1234 >levissi-

526 1268 529 1270 ·
572 1265 645 1293 ma
677 1253 804 1306 culpa
842 1264 930 1293 non
965 1252 1198 1308 exploratae
1220 1254 1356 1310 igneae
1391 1251 1601 1301 ballistae,
1631 1262 1767 1305 quam
1803 1250 1900 1303 ejus

571 1307 776 1351 dominus
795 1309 1006 1351 asserebat
1020 1323 1204 1352 vacuam
1225 1340 1240 1360 ,
1268 1312 1437 1353 censeri
1457 1309 1600 1351 forsan
1627 1310 1783 1364 nequit
1802 1321 1905 1350 cau·

570 1380 617 1407 ea
633 1365 831 1407 ordinata
856 1365 908 1406 ad
928 1366 1210 1409 homicidium
1230 1394 1245 1415 ‚
1273 1380 1372 1420 quae
1406 1367 1705 1406 voluntarium
1743 1365 1898 1410 reddat

569 1422 779 1465 effectum
811 1450 826 1473 ‚
856 1434 909 1464 ex
939 1424 1047 1479 Cap.
1084 1424 1311 1478 quaeeimm
1347 1422 1399 1462 cle
1427 1426 1558 1477 penit.
1581 1449 1597 1472 ,
1624 1421 1675 1474 {1⁸¹>
1698 1428 1898 1479 remiss„

568 1479 769 1538 Ραθηαη.
786 1484 832 1521 in
847 1494 945 1535 cap.
965 1483 1000 1522 si
1015 1479 1303 1525 constiteritcle
1333 1488 1521 1522 accusat.
1760 1511 1766 1515 -

508 1542 739 1600 Quatenus
754 1552 860 1582 vero
874 1538 959 1581 EE.
993 1536 1160 1583 Vestrae
1191 1538 1470 1598 irregularem
1502 1545 1706 1583 censeant
1735 1537 1901 1582 Orato-

568 1612 662 1641 rem
683 1626 699 1649 ,
725 1595 960 1641 deliberare
980 1598 1215 1656 dignentur
1237 1596 1290 1640 de
1310 1597 1637 1654 dispensatione
1666 1625 1680 1637 .
1713 1596 1765 1639 Ei
1797 1600 1901 1654 qui-

566 1657 670 1700 dem
688 1657 854 1700 obstare
884 1666 1026 1712 posset
1058 1657 1238 1700 Sacrum
1278 1656 1516 1699 Concilium
1558 1655 1914 1699 Tridentimnnd,

565 1728 668 1757 seu.
686 1728 754 1768 ¹4·
789 1728 930 1771 εφη.
957 1715 1010 1756 de
1038 1714 1207 1764 reform.
1224 1744 1240 1767 ,
1268 1715 1374 1758 dum
1411 1714 1465 1757 ad
1498 1713 1656 1756 Sacros
1699 1713 1893 1757 Ordines

560 1775 810 1829 promoveri
829 1772 1024 1828 prohibet
1044 1775 1260 1829 simplices
1277 1772 1474 1816 Clericos
1494 1770 1731 1815 homicidas
1760 1801 1774 1814 .
1802 1772 1897 1815 No-

561 1829 750 1874 tandum
766 1840 947 1884 tamen,
975 1831 1095 1887 quod
1131 1832 1381 1874 Tridentina
1412 1837 1508 1887 ipsa
1540 1830 1741 1888 Synodus
1770 1844 1795 1873 a
1831 1833 1895 1872 ri-

561 1887 660 1948 gida
680 1886 775 1941 ejus
796 1903 975 1932 censura
1010 1888 1293 1933 homicidium
1328 1891 1490 1946 excipit
1525 1888 1696 1931 casuale
1714 1918 1729 1941 ‚
1756 1889 1895 1944 quale

559 1945 805 1989 ordinarius
825 1946 932 1991 dicit
951 1947 1059 1990 illud
1073 1950 1354 1992 commissum
1391 1950 1446 1990 ab
1470 1946 1657 1989 Oratore
1675 1975 1688 1988 .
1720 1946 1777 1990 Et
1795 1950 1897 1990 ani-

559 2003 912 2049 madversionem
956 2020 1136 2062 quoque
1171 2015 1395 2050 merentur
1436 2017 1675 2048 consensus
1712 2018 1738 2046 a
1765 2004 1895 2049 Parte

560 2064 810 2120 praestitus,
828 2078 951 2119 paeua
967 2066 1022 2108 ab
1039 2065 1223 2109 Oratore
1239 2079 1356 2120 passa
1373 2093 1388 2118 ,
1403 2064 1547 2119 lapsus
1579 2064 1742 2105 sexenii
1774 2077 1799 2105 a
1819 2077 1894 2119 pa-

556 2130 676 2163 trato
713 2121 985 2174 homicidio,
1012 2123 1057 2167 ἃ
1089 2137 1190 2178 quae
1226 2122 1409 2165 demum
1437 2120 1493 2163 de
1524 2119 1647 2161 bonis
1690 2119 1891 2173 ejusdem

558 2179 754 2222 Oratoris
774 2181 970 2223 moribus
983 2209 999 2231 ‚
1027 2183 1066 2224 &
1081 2181 1136 2225 de
1151 2181 1409 2224 necessitate
1427 2177 1631 2222 Ecclesiae
1649 2176 1890 2234 Apricenre

556 2237 680 2279 idem
707 2236 838 2279 refert
866 2238 1104 2294 Episcopus
1134 2268 1145 2280 .
1177 2238 1311 2281 Hisce
1339 2251 1440 2281 sane
1463 2266 1477 2288 ‚
1506 2235 1549 2279 ἃ
1578 2235 1788 2279 similibus
1824 2235 1883 2281 de

557 2297 695 2340 causis
726 2294 951 2354 indulgent
985 2295 1069 2338 fuit
1097 2295 1224 2339 Sacra
1242 2295 1338 2339 baec
1371 2294 1660 2354 congregatio
1697 2293 1882 2339 Clerici:

557 2353 788 2396 homicidis
821 2368 901 2409 pro
934 2353 1251 2410 dispensatione
1281 2354 1335 2396 ab
1369 2353 1685 2411 irregularitate
1705 2352 1752 2395 in
1785 2353 1877 2396 Ca·

556 2413 706 2454 ‹luc-en.
723 2413 1049 2468 dispensationis
1057 2413 1113 2454 ab
1131 2413 1439 2471 irregularitate
1474 2412 1538 2455 16.
1575 2409 1692 2454 Maii
1712 2413 1835 2470 ¹789.
1852 2437 1869 2464 ,

558 2468 600 2509 ὑ
618 2472 662 2511 ίη
685 2470 953 2512 Urbevetana
971 2471 1297 2533 Irrefflrlnrieatis
1318 2484 1387 2516 20.
1405 2470 1562 2517 Martii
1581 2484 1597 2513 ι
1609 2483 1707 2527 790.

499 2524 833 2575 Deliberandum
851 2530 983 2588 igitur
993 2557 1005 2572 .
1665 2555 1668 2559 -

1810 2642 1886 2687 Aa
