1945 2928
493 95 559 136 18.
591 95 752 152 Aprilis
789 105 914 154 ¹793-
1361 115 1421 157 77·

17 157 161 212 Quam
183 150 270 192 cito
289 150 344 191 cb
366 149 587 194 defectum
615 155 779 196 heredis
804 185 817 205 ‚
850 160 1030 211 ejusque
1051 154 1376 205 descendet-ntiae
1400 188 1417 210 ,

73 219 228 252 erectae
248 209 425 251 fuerunt
446 213 698 266 capellaniae
719 243 733 265 ‚
753 216 886 255 annui
927 228 1005 268 pro
1023 214 1212 269 qualibet
1241 213 1406 257 reditus

75 277 300 309 scutorum
323 270 500 309 circiter
525 285 618 325 ¹35·
641 301 654 323 ,
684 287 732 315 ac
752 271 946 315 delatum
969 273 1118 322 estius
1152 272 1407 314 nominandi

73 325 126 366 ad
145 324 358 367 familiam
382 326 572 369 Silvestri
598 332 906 384 proximiorem
944 330 1177 372 Fundatori
1200 361 1212 372 .
1243 331 1407 386 Capel-

71 383 162 424 lani
185 384 312 424 simul
346 400 397 425 ex
415 386 492 426 hac
528 388 690 429 familia
713 389 889 431 fuerunt
912 388 1162 431 Sacerdotes
1180 389 1370 431 Thomas
1388 418 1403 442 ,

72 442 115 484 o&
137 441 382 485 Alexander
406 474 416 484 .
449 445 620 487 Thoma
649 446 748 488 hinc
769 447 976 489 defuncto
1008 478 1022 498 ,
1053 457 1268 502 superstes
1292 449 1398 489 Ale-

69 499 231 542 xander
262 530 277 552 9
307 501 349 544 <Sc
371 501 551 543 Carolus
583 506 674 555 ejus
720 505 847 546 frater
883 508 1169 548 nominarunt
1191 504 1244 546 ad
1275 519 1404 547 vaca-

69 567 160 601 tam
188 560 471 615 capellaniam
510 561 651 604 Sancti
683 564 862 606 Antonii
900 566 1170 620 impuberem
1204 564 1402 615 ejusdem

70 615 216 659 Caroli
235 619 371 661 filium
394 618 651 677 Gregorium
672 651 685 672 ‚
705 627 778 677 qui
799 637 895 664 eam
912 637 962 665 ex
982 623 1235 677 Apostolico
1253 621 1400 664 indul-

69 683 118 723 to
136 677 325 719 obtinuit
345 676 396 718 ad
414 680 545 722 vitam
569 708 582 728 ‚
602 693 705 722 cum
725 680 1043 736 dispeu5atione
1080 683 1221 722 aetatis
1242 709 1256 729 ‚
1292 682 1399 723 alia-

70 746 261 790 rumque
283 737 543 791 qualitatum
566 737 837 781 fundationis
854 769 866 780 .
896 740 944 781 E:
963 741 1094 782 altera
1114 737 1290 780 taudem
1319 753 1399 781 va-

68 800 163 833 cata
181 796 417 848 capellania
437 796 737 838 S.sser11ardini
761 812 835 852 per
851 799 1027 851 obituzn
1043 797 1294 846 Alexarrlri,
1319 811 1395 838 no-

67 852 256 893 minavit
279 853 458 894 Carolus
493 854 766 897 Sacerdotem
805 857 1027 898 Simonem
1049 856 1284 912 Angelucci
1303 855 1397 905 ejus

65 911 337 953 avunculum
363 941 373 953 .
407 912 650 957 Novissima
678 924 822 956 autem
862 915 937 956 hac
959 925 1182 969 comperta
1205 915 1398 955 nomina-

67 967 188 1008 tione
208 998 222 1018 ,
253 983 304 1009 ex
325 971 419 1021 jure
436 970 640 1013 adversus
663 975 959 1016 nominantem
993 976 1078 1030 egit
1097 972 1148 1012 (le
1171 973 1393 1028 pertinen-

65 1025 126 1064 tia
146 1025 507 1083 jurispatronatus
534 1030 802 1072 ,ssernardiua
825 1031 1020 1073 silvestri
1053 1044 1252 1087 germana
1274 1029 1388 1070 illius

64 1095 185 1124 soror
200 1113 213 1134 ‚
244 1096 382 1140 nupta
406 1088 589 1129 Ricardo
605 1089 746 1130 ssmdi
778 1091 931 1133 incolae
953 1089 1181 1131 mutinenzi
1201 1103 1214 1138 ;
1245 1086 1390 1128 decla-

62 1142 263 1197 ravitque
285 1147 540 1199 episcopalis
561 1147 693 1188 Curia
715 1149 902 1195 sutrina,
926 1151 1253 1205 juspcztroimcm
1269 1159 1388 1198 prce-

64 1198 227 1240 dictam
247 1209 507 1256 compenis-se
535 1233 549 1254 ,
579 1208 620 1246 ἐπ
651 1215 883 1257 competere
914 1207 1174 1257 supradicta»
1211 1203 1253 1242 D
1284 1204 1393 1243 Ber-

62 1256 258 1298 nardina>
273 1259 463 1301 silvestri
498 1260 673 1313 octrici,
706 1275 828 1316 ceque
860 1276 912 1302 ac
939 1263 995 1302 D.
1021 1261 1174 1306 Carolo
1204 1259 1393 1302 Silvestri

63 1314 372 1372 ejclsqertnalto
391 1319 518 1369 fratri
535 1334 604 1361 reo
625 1330 835 1361 convento
857 1349 869 1360 .

4 1369 78 1412 Ab
94 1370 172 1415 hac
194 1378 410 1422 sententia
428 1380 681 1432 provocavit
698 1377 877 1421 Carolus
903 1375 954 1418 ad
974 1377 1029 1418 A.
1048 1376 1099 1419 C.
1123 1404 1137 1426 ,
1167 1375 1241 1416 sed
1273 1375 1391 1417 obito

69 1430 249 1481 interim
275 1433 507 1479 Sacerdote
523 1437 764 1494 Angelucci
786 1466 800 1488 ‚
831 1438 1068 1491 composita
1103 1448 1166 1475 res
1183 1433 1263 1475 fuit
1286 1447 1399 1475 anno

71 1502 199 1547 1793.
220 1506 296 1546 per
316 1496 653 1541 transactionem
673 1525 683 1536 .
717 1495 746 1535 1.
784 1497 1093 1535 renunciatum
1112 1495 1397 1549 transigentes

62 1545 130 1589 liti
149 1550 240 1590 sine
262 1551 518 1605 praejudicio
548 1566 844 1595 successorum
859 1581 869 1593 .
901 1552 952 1593 Π.
993 1553 1235 1592 nominavit
1257 1549 1392 1590 Caro-

61 1603 131 1646 lus
149 1605 201 1648 ad
220 1609 496 1664 capellaniam
520 1612 561 1652 S.
578 1610 828 1654 Bernardini
858 1611 1066 1651 clericum
1086 1608 1266 1649 Paulum
1282 1608 1393 1649 Bon-

61 1661 110 1703 di
129 1663 268 1706 filium
292 1667 567 1712 ssernardinae
586 1672 663 1712 sub
683 1668 935 1711 conditione
962 1666 1220 1723 impetrandi
1243 1682 1264 1719 a
1286 1666 1391 1709 San-

61 1723 258 1766 ctissimo
278 1725 469 1768 Domino
481 1728 638 1770 Nostro
674 1728 784 1768 illius
801 1728 1137 1783 perpetuitatem
1161 1754 1174 1775 ‚
1207 1723 1259 1769 ὃς
1278 1723 1398 1764 dero-

59 1782 281 1837 gationem
297 1785 512 1828 voluntati
536 1786 797 1828 Fundatoris
817 1799 908 1840 quo
927 1783 978 1825 ad
1003 1786 1184 1838 patriam
1214 1811 1228 1832 ‚
1271 1795 1393 1822 amo-

65 1838 323 1884 vibilitatem
341 1872 354 1893 ‚
375 1844 675 1885 Sacerdotium
695 1874 707 1894 ,
739 1843 778 1884 ὅ(
798 1843 1049 1884 facultatem
1072 1840 1275 1882 audiendi
1297 1853 1399 1879 con-

60 1894 297 1950 fessionem
330 1915 430 1940 nam
452 1912 547 1942 erat
581 1912 685 1943 tunc
717 1915 929 1942 annorum
960 1913 1063 1940 21..
1095 1898 1161 1938 Ill.
1200 1898 1399 1951 imposita

59 1952 148 1994 fuit
169 1958 397 1999 nominato
421 1959 489 1998 lex
505 1958 746 1999 assumendi
767 1959 962 2012 legitimo
979 1966 1177 2011 tempore
1195 1952 1398 1999 Sacerdo-

58 2012 173 2052 tium
193 2041 207 2063 ‚
230 2013 550 2057 &facultatem
582 2014 827 2070 excipiendi
845 2014 1138 2056 confessiones
1160 2042 1174 2062 ‚
1205 2026 1254 2053 ac
1288 2012 1392 2054 resi-

58 2067 188 2110 dendi
213 2072 255 2112 in
276 2073 441 2127 oppido
454 2073 719 2115 Treboniani
751 2103 765 2122 ,
794 2070 1077 2126 adimplendo
1110 2073 1288 2112 iuterim
1309 2083 1386 2124 per

55 2126 191 2168 alium
222 2144 352 2172 onera
385 2133 632 2185 capellaniae
652 2162 662 2172 .
695 2131 767 2172 IV.
802 2139 1016 2173 reservata
1046 2128 1128 2170 fuit
1160 2129 1291 2185 super
1312 2141 1387 2169 ea-

55 2185 158 2227 dem
176 2189 413 2242 capellania
438 2190 746 2232 alimentorum
776 2189 907 2229 titulo
945 2201 1087 2228 annua
1121 2189 1270 2242 pensio
1291 2199 1393 2227 scu-

62 2252 210 2286 torum
235 2260 299 2302 ¹5·
325 2246 472 2289 favore
492 2248 728 2305 Hyacinthi
750 2247 941 2288 Silvestri
963 2259 1193 2300 quousque
1213 2243 1265 2287 ad
1286 2253 1394 2286 aeta-

56 2310 149 2344 tem
173 2307 418 2357 perveniret
451 2321 661 2348 annorum
695 2322 765 2362 23.
816 2304 857 2347 ἃ
884 2303 939 2346 V·
962 2303 1142 2358 demum
1186 2302 1392 2359 praefatus

55 2359 197 2402 Bondi
215 2365 485 2405 renunciavit
504 2367 634 2406 etiam
656 2367 720 2406 liti
750 2363 802 2404 de
824 2360 1085 2417 praecedenti
1123 2361 1388 2406 nominatio-

55 2432 111 2463 ne
131 2418 330 2479 Gregorii
351 2421 542 2465 Silvestri
563 2423 614 2464 ad
628 2424 803 2464 alteram
821 2421 1103 2474 capellaniam
1126 2419 1168 2460 S.
1185 2419 1385 2463 Antonii.

0 2473 408 2532 Superhujusmodi
444 2485 732 2523 transactione
753 2509 767 2530 9
803 2479 1070 2535 singulisque
1095 2477 1189 2530 ejus
1223 2478 1385 2535 capiti-

52 2536 134 2579 bus
153 2540 384 2592 postulavit
401 2540 555 2580 Paulus
573 2539 710 2581 ssondi
724 2537 1049 2593 Beneplacitum
1066 2535 1382 2592 Apostolicum;

52 2593 303 2652 auditisque
341 2597 554 2640 Ministris
589 2594 802 2649 Datariae3
834 2605 963 2651 atque
985 2593 1092 2636 Εῐῖιο
1127 2595 1352 2638 Livizzani
1369 2623 1384 2645 ‚

51 2657 130 2709 qui
154 2652 207 2696 de
228 2669 305 2697 suo
321 2666 493 2713 rogatus
510 2658 594 2698 fuit
611 2667 713 2698 voto
729 2685 744 2707 ,
780 2656 850 2698 die
881 2669 950 2707 24.
973 2654 1071 2712 Julii
1091 2653 1287 2705 ejusdem
1307 2667 1382 2696 an-

50 2713 96 2754 ui
119 2727 244 2771 ¹793·
281 2729 356 2771 per
376 2729 583 2773 organum
619 2715 845 2760 Secretarii
866 2712 1013 2758 Sacrae
1036 2711 1166 2768 hujus
1185 2712 1384 2768 Congre-

1311 2781 1388 2826 Sa‘
