1945 2928
504 159 527 187 2
921 138 986 180 18.
1007 129 1167 192 Apri⁷is
1191 148 1311 192 ¹795·

473 163 624 259 Ξιιοθο
649 198 724 251 pio
743 195 877 237 debba
903 195 983 236 clar
995 192 1205 248 principio
1241 194 1324 234 alla
1337 192 1597 242 fonslazione
1635 194 1683 234 rIe'
1706 199 1781 233 rm·

475 255 682 314 Ospeclcde
718 253 827 297 nella
845 263 954 294 terra
988 251 1031 291 cli
1065 246 1228 292 Cesan‘o
1251 279 1262 296 ,
1293 251 1473 307 Quoties
1499 251 1788 295 veroheredi-

477 326 612 360 tatem
648 309 918 366 repudiarent
945 308 1089 349 Patres
1121 305 1327 350 Caiabitae
1352 337 1367 360 ,
1398 319 1651 365 potestatem
1685 312 1790 356 fecit

473 374 610 430 ipsius
626 369 719 409 viro
734 367 780 407 cli
789 377 913 423 poter.
931 367 1100 410 istituire
1116 394 1130 416 ,
1157 380 1181 406 e
1199 371 1416 408 nominare
1435 369 1510 408 ω’
1525 369 1631 410 altro
1644 369 1789 429 Luqqo

472 431 549 488 pio
585 432 628 469 ia
648 426 774 482 Ireogso
811 424 880 464 cIeI
895 424 1058 464 sncletto
1095 437 1122 463 ct
1141 437 1218 464 sno
1256 423 1424 466 arbitrio
1443 453 1457 476 ,
1484 425 1541 465 ed
1570 428 1750 470 eleziome
1768 459 1784 481 ,

475 503 500 530 e
519 499 596 527 con
613 484 709 524 tutti
722 482 847 536 quelli
858 482 951 542 pesi
973 511 986 529 ,
1015 482 1088 521 che
1109 481 1154 521 nl
1165 481 1390 523 medesimo
1416 482 1574 538 paret-ci
1592 513 1605 535 ,
1635 499 1657 526 e
1681 493 1786 541 pict..

474 542 569 590 cerri
591 571 601 584 .
635 540 765 596 Apud
784 548 872 581 acta
894 537 1161 582 declararunt
1180 538 1383 595 Religiosi
1398 569 1412 591 ,
1441 554 1485 583 se
1502 541 1785 590 hereditatem

477 607 762 654 accepturOS,
792 597 1000 648 onerique
1021 593 1337 638 satisfacturos:
1369 607 1412 638 at
1445 597 1498 639 de
1522 613 1670 642 eorum
1705 602 1788 645 du-

478 662 619 702 bitans
640 657 953 711 perseverantia
977 684 991 706 ,
1020 663 1279 697 testamento
1295 657 1407 699 cavit
1424 656 1682 701 Serbarolius
1707 677 1789 704 an-

479 731 538 759 no
561 728 682 774 1721.
701 741 715 765 ‚
745 721 793 755 ut
820 716 862 754 in
886 726 984 754 casu
1004 710 1310 767 repudiationis
1325 714 1556 770 erigeretur
1587 729 1638 757 ex
1665 718 1789 761 bonis

482 773 746 818 hereditariis
769 773 810 812 in
831 771 1057 828 parochiali
1077 769 1260 811 Ecclesia
1280 768 1446 812 Caesani
1473 773 1706 829 capellania
1735 775 1789 820 ad

477 841 637 874 nutum
655 830 896 871 omovibilis
925 843 1024 870 cum
1051 841 1178 869 onere
1208 827 1447 870 celebrandi
1483 831 1584 886 quel
1613 848 1790 878 numero

477 891 526 931 di
542 890 684 930 Messe
706 917 720 939 ‚
749 887 821 929 che
846 884 1120 931 determinem}
1146 886 1432 939 I'itrfroscritto
1468 894 1552 931 mio
1567 890 1793 938 Esecurore

478 948 786 992 testamentario
809 976 820 991 ι

417 1007 660 1063 serbarolio
678 1003 879 1046 defuncto
897 1033 910 1054 ‚
940 1006 1054 1045 nacti
1072 1003 1244 1045 fuerunt
1265 1003 1470 1046 Calabitae
1491 1010 1689 1061 sequenti
1710 1023 1788 1051 an·

475 1078 532 1106 no
550 1079 563 1104 1
576 1078 671 1120 722.
696 1067 999 1115 possessiouem
1023 1062 1267 1104 hereditatis
1284 1062 1336 1104 cle
1355 1063 1493 1103 Paulis
1510 1092 1524 1114 ,
1540 1077 1637 1120 quae
1656 1068 1790 1108 annui

474 1133 562 1168 erat
601 1121 854 1176 ,liberique
891 1119 1050 1162 reditus
1077 1130 1300 1163 scutorum
1328 1134 1420 1162 ηπ.
1441 1135 1509 1176 50.
1533 1150 1547 1172 ‚
1577 1121 1652 1164 sed
1685 1137 1787 1167 eam

471 1182 763 1222 eximimantes
799 1178 1041 1220 fundationi
1063 1179 1307 1219 Nosocomii
1346 1182 1553 1232 imparem
1573 1207 1587 1230 ,
1617 1182 1788 1238 suppli-

474 1247 628 1281 carunt
665 1251 755 1278 san.
780 1249 911 1280 mem.
952 1237 1173 1278 Benedicto
1191 1235 1311 1275 XIII.
1347 1249 1425 1290 pro
1445 1240 1788 1281 commutatione

473 1297 710 1339 voluntatis
728 1297 928 1351 Agnetis.
963 1295 1161 1334 Precibus
1175 1306 1274 1332 vero
1292 1292 1342 1333 ad
1357 1292 1526 1334 Sacram
1547 1294 1656 1336 hanc
1670 1295 1789 1338 Con-

473 1356 765 1411 gregationern
786 1354 969 1393 remissis
990 1380 1003 1400 ‚
1035 1350 1191 1404 prodiit
1214 1349 1280 1390 die
1298 1364 1366 1391 20.
1390 1351 1638 1393 Decembris
1658 1368 1785 1410 1732.

473 1411 794 1453 contradicente
812 1409 1139 1450 Cornmuoitate
1161 1407 1330 1451 Caesani
1365 1411 1619 1465 rescriptum
1642 1429 1663 1452 ε
1695 1412 1788 1454 Ne·

469 1470 653 1528 9αιῖυες
683 1468 735 1512 (36
763 1477 968 1525 quatenns
1002 1467 1168 1507 Fratres
1193 1472 1303 1507 iutra
1339 1466 1447 1509 duos
1474 1481 1636 1511 menses
1669 1484 1786 1512 non...

474 1527 733 1581 acIirnpleant
750 1555 764 1577 ‚
792 1535 979 1567 servetur
1011 1525 1228 1582 dispositio
1255 1526 1428 1569 Antonii
1442 1525 1651 1569 Serbrvoli
1672 1556 1686 1579 ‚
1715 1530 1784 1569 in-

463 1589 616 1644 juncto
632 1594 771 1626 tamen
792 1583 830 1624 C
828 1585 1019 1637 apellatio
1037 1597 1161 1623 onere
1180 1583 1463 1625 celebrationis
1484 1612 1497 1634 ,
1526 1583 1577 1628 ὅς
1595 1585 1788 1642 applica-

472 1645 594 1685 tionis
612 1643 764 1684 Ilqissoe
780 1641 1037 1697 ([υοῑίτίἰσκιαα
1054 1668 1067 1690 ,
1097 1655 1171 1681 nec
1188 1655 1273 1681 non
1292 1641 1575 1696 coarljtwcmdi
1593 1643 1787 1686 parocho

471 1702 517 1742 in
533 1712 635 1740 cnrct
652 1700 904 1741 Animarum
923 1728 933 1738 .
969 1699 1062 1753 Quo
1082 1712 1181 1739 vero
1213 1700 1270 1739 acl
1288 1699 1558 1741 redditionem
1578 1702 1755 1743 rationis
1772 1732 1788 1751 ,

473 1759 534 1800 acl
550 1758 704 1798 Erizam
722 1758 972 1815 Episcopum
997 1756 1311 1855 {portuensem
1331 1756 1354 1813 ]
1371 1767 1497 1809 prout
1515 1758 1673 1809 dejure
1691 1789 1706 1809 ,
1736 1757 1788 1803 ὅσ

473 1816 655 1869 amplius
675 1844 686 1856 .
718 1816 864 1869 Quum
902 1815 979 1856 liOC
1043 1815 1201 1870 eligiosi
1233 1829 1315 1855 non
1334 1816 1682 1869 adimplevissent
1719 1830 1790 1858 re·

474 1876 684 1927 scriptum
701 1901 715 1923 ‚
747 1872 1021 1914 hereditatem
1045 1872 1201 1913 idcirco
1223 1885 1322 1912 cum
1344 1874 1558 1928 perceptis
1575 1874 1790 1917 fructibus
1824 1919 1836 1925 „

473 1934 516 1973 in
537 1944 704 1972 summa
738 1939 959 1971 scutorum
979 1931 1078 1972 28¹.
1101 1945 1172 1986 30-
1206 1927 1462 1974 dimiserunt
1493 1944 1606 1973 anno
1629 1946 1753 1990 ¹733·
1776 1961 1793 1984 ,

472 1990 513 2029 ὅ(
535 1989 855 2043 sequentianno
872 2002 993 2045 1734.
1008 1989 1282 2034 renunciatus
1305 1987 1384 2031 suit
1399 1990 1651 2032 auctoritate
1670 1989 1791 2043 ordi-e

470 2048 587 2102 naria
602 2048 764 2101 primus
781 2045 1039 2100 Capelianus
1056 2059 1155 2087 cum
1174 2055 1361 2099 utroque
1378 2059 1505 2087 onere
1517 2045 1664 2089 Missae
1686 2061 1792 2104 quo·

469 2103 644 2146 (idianae
661 2131 675 2153 ‚
706 2105 744 2142 ὅ(
767 2103 1050 2155 coacljuvandi
1068 2104 1257 2145 Parocbo
1277 2103 1534 2145 Ludovicus
1553 2103 1764 2147 Serbaroli
1778 2135 1795 2157 ,

469 2161 597 2214 cujus
616 2173 878 2206 successores
894 2159 945 2201 ad
964 2175 1124 2204 annum
1151 2176 1167 2201 1
1180 2163 1276 2218 765.
1301 2189 1315 2212 ‚
1345 2174 1433 2216 quo
1446 2164 1691 2206 nominatus
1707 2163 1789 2205 fuit

470 2218 525 2259 ad
546 2220 827 2274 capellaniam
849 2217 1078 2260 hodiernus
1110 2218 1223 2261 illius
1254 2233 1465 2276 possessor
1501 2219 1791 2263 Bernardinus

470 2275 718 2327 Narducci,
748 2276 823 2317 diu
863 2279 906 2317 in
938 2274 1226 2332 adimplendis
1263 2278 1464 2319 oneribus
1489 2276 1752 2321 ’defecerunt
1772 2304 1788 2329 ,

471 2345 730 2389 causamque
747 2332 959 2375 dederunt
986 2335 1252 2389 deputationi
1271 2334 1625 2378 administratoris
1648 2362 1658 2372 .

416 2393 499 2436 Vix
515 2398 658 2431 autern
678 2391 945 2434 Narduccius
959 2395 1002 2433 in
1022 2394 1307 2445 Capellanum
1328 2394 1513 2441 elec-tus,
1528 2393 1664 2432 Sacrae
1681 2390 1785 2432 huic

475 2446 735 2498 supplicavit
771 2448 1101 2507 Congregatioui
1122 2479 1135 2499 ‚
1167 2461 1215 2493 ut
1249 2453 1303 2493 ob
1328 2452 1576 2492 imminutos
1595 2447 1785 2502 capella-

478 2503 562 2547 niae
580 2502 755 2556 reditus,
774 2518 860 2546 nou
881 2520 954 2548 sua
975 2535 990 2559 ,
1009 2507 1081 2548 sed
1101 2508 1278 2553 Patrum
1295 2508 1579 2550 Calabitarum
1597 2534 1614 2556 ,
1642 2506 1682 2545 ἀ
1699 2507 1790 2560 pri-

479 2558 574 2608 mi,
601 2561 780 2600 secundi
802 2590 817 2611 9
846 2575 894 2603 ac
929 2566 1049 2604 tertii
1085 2563 1308 2622 Capeliani
1341 2564 1466 2619 culpa
1496 2591 1510 2613 ‚
1540 2563 1805 2604 liberaretur·-

479 2615 630 2661 saltem
653 2616 704 2655 ab
719 2629 845 2657 onere
860 2619 1145 2671 coadjuvandi
1163 2623 1347 2672 l’arocho
1367 2637 1380 2670 ς
1409 2621 1691 2675 probavitque
1710 2620 1788 2662 de-

481 2673 683 2723 teriorem
698 2673 906 2719 bonorum
924 2685 1080 2724 statum
1103 2678 1264 2738 duplici
1280 2678 1598 2738 agrimensoris,
1621 2678 1657 2719 ἃ
1682 2677 1789 2723 fabri

1358 2757 1366 2765 ⁹
1685 2748 1786 2779 mu-
