1945 2928
563 176 645 230 275
1010 182 1075 223 ¹9·
1110 166 1515 223 Decembris⁰1795

556 237 714 285 absque
754 228 966 270 solutione
1004 227 1182 284 integra:
1232 224 1342 267 dotis
1375 255 1389 274 ‚
1424 226 1463 265 ἅ
1501 221 1628 265 fidem
1666 222 1864 265 habuerit

550 289 871 331 monasterium
896 284 950 326 <le
983 285 1163 325 cumulo
1199 293 1425 327 scutorum
1445 296 1539 324 100.
1559 282 1645 323 Nec
1664 283 1863 323 inverisi-

550 348 655 388 mile
682 353 746 386 est
763 372 777 393 ‚
814 345 1022 399 integram
1042 356 1065 382 a
1081 339 1221 382 Vidua
1237 341 1423 382 solutam
1448 340 1576 383 fuisse
1589 340 1734 381 dotem
1770 368 1784 389 ‚
1823 339 1866 381 ἃ

551 411 815 459 praemature
835 399 962 441 modo
983 398 1259 454 redintegrari
1281 401 1391 441 velle
1424 412 1500 454 pro
1515 400 1762 452 quantitate
1784 410 1864 438 cu-

550 461 686 501 muli.
723 458 777 500 Et
798 461 842 499 in
860 458 941 499 hoc
971 458 1194 513 supposito
1211 455 1439 499 commode
1470 467 1695 513 expectare
1724 464 1863 510 posset

549 518 668 561 diem
691 516 945 566 solutionis,
966 516 1072 570 quin
1104 516 1224 569 pium
1244 514 1368 568 Opus
1388 513 1527 556 alieno
1542 523 1740 571 gravetur
1759 528 1860 556 aere.

547 577 595 618 Id
625 586 775 619 tamen
799 605 813 624 ‚
852 583 1064 629 quatenus
1096 572 1297 614 cumulus
1321 572 1523 614 debeatur
1541 602 1554 614 .
1578 571 1864 628 Quandoqui-

547 634 648 677 dem
667 634 815 676 relicta
835 641 936 674 sunt
965 629 1125 672 dotalia
1158 629 1342 672 subsidia
1383 630 1538 687 puellis
1570 630 1827 688 pauperibus
1852 659 1868 682 ,

546 705 629 735 nec
653 693 774 745 juxta
803 689 1070 746 Episcopum
1104 697 1363 744 paupertate
1394 688 1556 730 laborat
1585 688 1751 730 familia
1768 688 1865 730 Lu-

545 751 589 803 cj
612 780 624 793 .
656 750 855 805 illudque
884 750 1014 791 etiam
1044 745 1375 801 pondarandum
1395 775 1410 799 ,
1444 760 1553 790 num
1591 746 1754 802 absque
1779 745 1865 787 Be-

543 808 764 864 neplacito
781 805 1034 864 Apostolico
1060 803 1257 847 conferre
1277 805 1492 848 valuerint
1511 804 1591 848 1³1³.
1610 804 1866 859 Repraesen-

544 876 691 908 tantes
722 865 844 908 dotes
879 872 1064 922 quatuor
1094 865 1170 905 uni
1202 863 1360 920 puellae
1387 862 1549 908 'contra
1587 861 1864 905 voluntatem

543 924 782 967 Testatoris
797 951 810 964 .

487 983 608 1026 Ultra
627 982 871 1038 Episcopus
882 980 1153 1038 progreditur
1168 1008 1181 1030 ,
1212 980 1253 1021 δι
1269 978 1474 1022 Montem
1490 976 1866 1022 commendatPIe-

539 1042 642 1084 tatis
654 1069 668 1092 ,
699 1041 775 1095 qui
787 1037 1061 1094 redintegrari
1079 1037 1217 1080 adhuc
1235 1037 1366 1078 debet
1385 1037 1438 1078 de
1456 1050 1515 1079 sc.
1533 1038 1632 1093 671·
1652 1036 1724 1089 84.
1740 1037 1766 1091 ὲ
1785 1049 1867 1090 pro

545 1099 638 1140 aliis
657 1097 855 1140 subsidiis
895 1105 1157 1152 praemature
1185 1096 1336 1137 solutis
1357 1123 1372 1147 ,
1402 1095 1435 1135 si
1455 1108 1558 1139 vera
1590 1103 1654 1137 est
1669 1093 1868 1136 redinte-

543 1156 682 1211 gratio
709 1169 790 1209 pro
817 1168 987 1197 summa
1004 1164 1227 1198 scutorum
1262 1167 1357 1210 ¹90·
1380 1166 1451 1196 20.
1476 1154 1529 1195 ab
1540 1166 1656 1196 anno
1674 1167 1795 1209 ¹79¹·
1812 1151 1866 1194 ad

548 1227 678 1272 ¹794·
705 1214 884 1256 Dimitti
901 1212 1081 1269 quidem
1113 1219 1255 1267 posset
1285 1211 1397 1252 illius
1432 1211 1654 1254 creditum
1687 1225 1764 1266 per
1794 1223 1866 1251 su-

542 1273 815 1328 spensionem
835 1271 1062 1312 solutionis
1098 1270 1403 1324 promissarum
1432 1268 1604 1312 dotium
1624 1283 1638 1319 ;
1658 1267 1735 1310 sed
1774 1267 1864 1319 jam

538 1329 597 1372 'ad
635 1338 803 1372 certum
833 1338 1010 1382 tempus
1036 1327 1134 1370 data
1185 1325 1269 1369 fide
1307 1340 1516 1384 pauperes
1558 1325 1863 1368 fraudarentur

540 1387 700 1444 puellae
717 1415 729 1428 .
763 1386 887 1428 Alius
913 1393 1023 1428 esset
1053 1383 1209 1426 modus
1226 1413 1240 1435 ,
1270 1385 1302 1424 si
1333 1383 1694 1437 adjudicarentur
1715 1383 1864 1425 Monti

539 1444 697 1487 dotalia
718 1442 902 1487 subsidia
931 1457 1007 1498 per
1027 1444 1197 1485 obitum
1223 1445 1508 1497 innuptarum
1525 1441 1767 1499 puellarum
1786 1440 1864 1483 de·

539 1501 757 1546 volvenda
786 1516 800 1551 3
826 1499 900 1543 sed
924 1515 988 1542 res
1009 1501 1154 1556 potius
1182 1498 1344 1555 pendet
1375 1515 1399 1542 a
1435 1501 1644 1557 prudenti
1675 1499 1758 1542 EE.
1780 1499 1864 1542 Pa-

542 1569 660 1603 trum
687 1559 1023 1612 dellberatione,
1058 1560 1134 1614 qui
1173 1557 1402 1600 advertere
1425 1561 1555 1602 etiam
1590 1558 1827 1616 dignentur
1846 1588 1862 1609 ,

537 1618 658 1674 quod
679 1616 809 1659 Mons
832 1616 1015 1659 creditor
1053 1617 1194 1659 alleno
1229 1625 1433 1675 gravatur
1474 1616 1698 1660 fructifero
1713 1629 1800 1661 aere
1817 1643 1841 1658 .

529 1677 704 1718 uaeritur
725 1677 784 1716 ita
821 1687 874 1716 ue
891 1702 903 1714 .

482 1676 654 1784 ΞΑΠ,
684 1688 952 1790 dsqncclsmoclo
981 1732 1036 1774 sit
1053 1733 1171 1777 Iocus
1204 1733 1409 1776 solutioni
1421 1732 1581 1774 cumuli
1625 1728 1786 1775 dotalis
1810 1733 1860 1775 in

539 1805 643 1834 casu
658 1789 740 1834 ἀπ’.

480 1851 528 1894 11.
561 1849 658 1900 An,
693 1848 908 1907 quomodo
925 1874 940 1897 ‚
969 1846 1071 1891 &171
1089 1863 1178 1908 qua
1196 1860 1366 1891 summa
1402 1847 1691 1906 redintegrari
1712 1845 1859 1889 debeat

530 1907 697 2012 Mons&
695 1909 868 1951 Pietatis
897 1905 1056 1962 Spoleti
1077 1923 1162 1966 pro
1180 1907 1348 1952 dotibus
1360 1917 1633 1963 praemature
1649 1905 1797 1950 solutis
1810 1909 1858 1946 ia

536 1979 640 2011 casu
698 1980 738 2010 c.

709 2139 782 2184 Ad
809 2140 842 2182 l.
872 2141 1104 2201 negative,
1130 2139 1329 2185 &unica
1351 2137 1427 2183 dos
1456 2140 1729 2196 persolvatur
1745 2143 1844 2197 post

762 2198 1173 2257 redintegrationem
1204 2198 1372 2241 Montis
1390 2227 1402 2239 .

703 2254 777 2298 Ad
804 2256 854 2298 11.
885 2258 1159 2301 Affirmative
1196 2285 1212 2309 ‚
1246 2270 1451 2312 suspensa
1498 2255 1733 2300 collat'mue
1761 2251 1843 2295 do-

758 2313 870 2358 tium
905 2330 1044 2373 usque
1078 2315 1131 2358 ad
1159 2313 1458 2359 omnimodam
1501 2312 1833 2373 redintegratio*

764 2385 869 2420 nem
894 2373 1060 2422 Montis
1080 2375 1252 2420 Pietatis
1264 2403 1274 2415 .

1708 2657 1845 2703 BRU-
