<?xml version="1.0" encoding="UTF-8"?>
<!DOCTYPE html PUBLIC "-//W3C//DTD XHTML 1.0 Transitional//EN"
    "http://www.w3.org/TR/xhtml1/DTD/xhtml1-transitional.dtd">
<html xmlns="http://www.w3.org/1999/xhtml" xml:lang="en" lang="en">
 <head>
  <title>
</title>
<meta http-equiv="Content-Type" content="text/html;charset=utf-8" />
  <meta name='ocr-system' content='tesseract 3.04.00' />
  <meta name='ocr-capabilities' content='ocr_page ocr_carea ocr_par ocr_line ocrx_word'/>
</head>
<body>
  <div class='ocr_page' id='page_1' title='image "./thesaurusresolut6465cath_0624.png"; bbox 0 0 1945 2928; ppageno 0'>
   <div class='ocr_carea' id='block_1_1' title="bbox 111 1219 469 1283">
    <p class='ocr_par' dir='ltr' id='par_1_1' title="bbox 111 1219 469 1283">
     <span class='ocr_line' id='line_1_1' title="bbox 111 1219 469 1283; baseline 0.017 -19"><span class='ocrx_word' id='word_1_1' title='bbox 111 1219 224 1265; x_wconf 68' lang='lat' dir='ltr'><strong>S&#39;ess.</strong></span> <span class='ocrx_word' id='word_1_2' title='bbox 248 1230 315 1278; x_wconf 74' lang='lat'><strong>14:</strong></span> <span class='ocrx_word' id='word_1_3' title='bbox 329 1237 419 1282; x_wconf 71' lang='lat' dir='ltr'><strong>cap.</strong></span> <span class='ocrx_word' id='word_1_4' title='bbox 429 1241 469 1283; x_wconf 76' lang='lat'><strong>7.</strong></span> 
     </span>
    </p>
   </div>
   <div class='ocr_carea' id='block_1_2' title="bbox 108 1282 373 1341">
    <p class='ocr_par' dir='ltr' id='par_1_2' title="bbox 108 1282 373 1341">
     <span class='ocr_line' id='line_1_2' title="bbox 108 1282 373 1341; baseline -0.004 -16"><span class='ocrx_word' id='word_1_5' title='bbox 108 1282 373 1341; x_wconf 37' lang='lat' dir='ltr'><strong>gleflRefomp</strong></span> 
     </span>
    </p>
   </div>
   <div class='ocr_carea' id='block_1_3' title="bbox 502 163 1890 686">
    <p class='ocr_par' dir='ltr' id='par_1_3' title="bbox 554 163 1890 324">
     <span class='ocr_line' id='line_1_3' title="bbox 554 163 1448 223; baseline -0.004 -12"><span class='ocrx_word' id='word_1_6' title='bbox 554 170 639 211; x_wconf 80' lang='lat'><strong>280</strong></span> <span class='ocrx_word' id='word_1_7' title='bbox 935 168 1005 207; x_wconf 79' lang='lat'><strong>26.</strong></span> <span class='ocrx_word' id='word_1_8' title='bbox 1028 163 1283 212; x_wconf 64' lang='lat' dir='ltr'><strong>Fovembris</strong></span> <span class='ocrx_word' id='word_1_9' title='bbox 1321 168 1448 223; x_wconf 77' lang='lat'>1796.</span> 
     </span>
     <span class='ocr_line' id='line_1_4' title="bbox 559 224 1890 283; baseline 0.002 -18"><span class='ocrx_word' id='word_1_10' title='bbox 559 241 656 266; x_wconf 72' lang='lat' dir='ltr'><strong>rum</strong></span> <span class='ocrx_word' id='word_1_11' title='bbox 674 254 690 276; x_wconf 89' lang='grc'>,</span> <span class='ocrx_word' id='word_1_12' title='bbox 721 226 801 266; x_wconf 76' lang='lat' dir='ltr'><strong>vel</strong></span> <span class='ocrx_word' id='word_1_13' title='bbox 821 236 876 264; x_wconf 70' lang='lat' dir='ltr'><strong>ear</strong></span> <span class='ocrx_word' id='word_1_14' title='bbox 895 231 1102 266; x_wconf 74' lang='lat' dir='ltr'><strong>consuetis</strong></span> <span class='ocrx_word' id='word_1_15' title='bbox 1134 224 1402 283; x_wconf 74' lang='lat' dir='ltr'><strong>elecmosynis</strong></span> <span class='ocrx_word' id='word_1_16' title='bbox 1423 224 1637 267; x_wconf 81' lang='lat' dir='ltr'><strong>commode</strong></span> <span class='ocrx_word' id='word_1_17' title='bbox 1659 228 1890 282; x_wconf 44' lang='lat' dir='ltr'><strong>[tersitem</strong></span> 
     </span>
     <span class='ocr_line' id='line_1_5' title="bbox 561 294 764 324; baseline -0.01 0"><span class='ocrx_word' id='word_1_18' title='bbox 561 294 732 324; x_wconf 75' lang='lat' dir='ltr'><strong>sleltlm‘t</strong></span> <span class='ocrx_word' id='word_1_19' title='bbox 754 312 764 322; x_wconf 87' lang='lat'>.</span> 
     </span>
    </p>

    <p class='ocr_par' dir='ltr' id='par_1_4' title="bbox 502 338 1886 571">
     <span class='ocr_line' id='line_1_6' title="bbox 502 338 1880 395; baseline 0.001 -13"><span class='ocrx_word' id='word_1_20' title='bbox 502 341 723 382; x_wconf 77' lang='lat' dir='ltr'><strong>Ccctcrum</strong></span> <span class='ocrx_word' id='word_1_21' title='bbox 757 338 956 380; x_wconf 80' lang='lat' dir='ltr'><strong>Vestrum</strong></span> <span class='ocrx_word' id='word_1_22' title='bbox 993 341 1075 380; x_wconf 85' lang='lat' dir='ltr'><strong>erit</strong></span> <span class='ocrx_word' id='word_1_23' title='bbox 1108 341 1371 392; x_wconf 74' lang='lat' dir='ltr'><strong>decernere,</strong></span> <span class='ocrx_word' id='word_1_24' title='bbox 1411 341 1506 382; x_wconf 71' lang='lat' dir='ltr'><strong>Effit</strong></span> <span class='ocrx_word' id='word_1_25' title='bbox 1528 341 1700 395; x_wconf 75' lang='lat' dir='ltr'><strong>Patres,</strong></span> <span class='ocrx_word' id='word_1_26' title='bbox 1731 353 1880 385; x_wconf 87' lang='lat' dir='ltr'><strong>utrum</strong></span> 
     </span>
     <span class='ocr_line' id='line_1_7' title="bbox 560 398 1886 456; baseline 0.003 -19"><span class='ocrx_word' id='word_1_27' title='bbox 560 411 611 437; x_wconf 76' lang='lat' dir='ltr'><strong>ex</strong></span> <span class='ocrx_word' id='word_1_28' title='bbox 630 411 748 438; x_wconf 90' lang='lat' dir='ltr'><strong>nunc</strong></span> <span class='ocrx_word' id='word_1_29' title='bbox 768 398 856 438; x_wconf 74' lang='lat' dir='ltr'><strong>fieri</strong></span> <span class='ocrx_word' id='word_1_30' title='bbox 880 398 1031 440; x_wconf 81' lang='lat' dir='ltr'><strong>debeat</strong></span> <span class='ocrx_word' id='word_1_31' title='bbox 1051 399 1246 442; x_wconf 83' lang='lat' dir='ltr'><strong>reductio</strong></span> <span class='ocrx_word' id='word_1_32' title='bbox 1262 429 1277 451; x_wconf 78' lang='lat'>‚</span> <span class='ocrx_word' id='word_1_33' title='bbox 1291 403 1418 441; x_wconf 86' lang='lat' dir='ltr'><strong>etiam</strong></span> <span class='ocrx_word' id='word_1_34' title='bbox 1443 401 1583 454; x_wconf 80' lang='lat' dir='ltr'><strong>quoad</strong></span> <span class='ocrx_word' id='word_1_35' title='bbox 1604 402 1769 445; x_wconf 78' lang='lat' dir='ltr'><strong>Fratres</strong></span> <span class='ocrx_word' id='word_1_36' title='bbox 1791 410 1886 456; x_wconf 81' lang='lat' dir='ltr'><strong>post</strong></span> 
     </span>
     <span class='ocr_line' id='line_1_8' title="bbox 561 456 1885 517; baseline 0.005 -23"><span class='ocrx_word' id='word_1_37' title='bbox 561 456 661 495; x_wconf 77' lang='lat' dir='ltr'><strong>aeris</strong></span> <span class='ocrx_word' id='word_1_38' title='bbox 676 456 803 497; x_wconf 87' lang='lat' dir='ltr'><strong>alieni</strong></span> <span class='ocrx_word' id='word_1_39' title='bbox 822 458 1130 497; x_wconf 69' lang='lat' dir='ltr'><strong>extinctionem</strong></span> <span class='ocrx_word' id='word_1_40' title='bbox 1146 460 1406 510; x_wconf 67' lang='lat' dir='ltr'><strong>retinethOS,</strong></span> <span class='ocrx_word' id='word_1_41' title='bbox 1426 473 1498 500; x_wconf 84' lang='lat' dir='ltr'><strong>seu</strong></span> <span class='ocrx_word' id='word_1_42' title='bbox 1520 458 1571 500; x_wconf 86' lang='lat' dir='ltr'><strong>ad</strong></span> <span class='ocrx_word' id='word_1_43' title='bbox 1587 474 1636 502; x_wconf 75' lang='lat' dir='ltr'><strong>ea</strong></span> <span class='ocrx_word' id='word_1_44' title='bbox 1653 463 1796 517; x_wconf 83' lang='lat' dir='ltr'><strong>potius</strong></span> <span class='ocrx_word' id='word_1_45' title='bbox 1816 472 1885 500; x_wconf 85' lang='lat' dir='ltr'><strong>te-</strong></span> 
     </span>
     <span class='ocr_line' id='line_1_9' title="bbox 561 511 1088 571; baseline 0.006 -19"><span class='ocrx_word' id='word_1_46' title='bbox 561 511 766 555; x_wconf 77' lang='lat' dir='ltr'><strong>servnnda</strong></span> <span class='ocrx_word' id='word_1_47' title='bbox 791 515 841 555; x_wconf 81' lang='lat' dir='ltr'><strong>sit</strong></span> <span class='ocrx_word' id='word_1_48' title='bbox 863 523 1055 571; x_wconf 84' lang='lat' dir='ltr'><strong>tempora</strong></span> <span class='ocrx_word' id='word_1_49' title='bbox 1077 543 1088 556; x_wconf 89' lang='lat'><strong>.</strong></span> 
     </span>
    </p>

    <p class='ocr_par' dir='ltr' id='par_1_5' title="bbox 502 570 811 614">
     <span class='ocr_line' id='line_1_10' title="bbox 502 570 811 614; baseline 0.013 -4"><span class='ocrx_word' id='word_1_50' title='bbox 502 570 696 611; x_wconf 84' lang='lat' dir='ltr'><strong>Dubium</strong></span> <span class='ocrx_word' id='word_1_51' title='bbox 718 581 779 614; x_wconf 80' lang='lat' dir='ltr'><strong>cst</strong></span> <span class='ocrx_word' id='word_1_52' title='bbox 800 601 811 613; x_wconf 90' lang='lat'><strong><em>.</em></strong></span> 
     </span>
    </p>

    <p class='ocr_par' dir='ltr' id='par_1_6' title="bbox 503 628 1653 686">
     <span class='ocr_line' id='line_1_11' title="bbox 503 628 1653 686; baseline 0.006 -15"><span class='ocrx_word' id='word_1_53' title='bbox 503 629 600 683; x_wconf 75' lang='lat' dir='ltr'><strong>An,</strong></span> <span class='ocrx_word' id='word_1_54' title='bbox 626 628 675 671; x_wconf 68' lang='lat' dir='ltr'><strong>&lt;Sc</strong></span> <span class='ocrx_word' id='word_1_55' title='bbox 693 631 906 686; x_wconf 71' lang='lat' dir='ltr'><strong>quomodo</strong></span> <span class='ocrx_word' id='word_1_56' title='bbox 931 630 983 671; x_wconf 79' lang='lat' dir='ltr'><strong>sit</strong></span> <span class='ocrx_word' id='word_1_57' title='bbox 1002 630 1041 671; x_wconf 80' lang='grc' dir='ltr'><strong>ῐσ</strong></span> <span class='ocrx_word' id='word_1_58' title='bbox 1051 646 1125 675; x_wconf 74' lang='lat' dir='ltr'><strong>cus</strong></span> <span class='ocrx_word' id='word_1_59' title='bbox 1143 632 1375 681; x_wconf 70' lang='lat' dir='ltr'><strong>reductioni</strong></span> <span class='ocrx_word' id='word_1_60' title='bbox 1393 637 1436 672; x_wconf 73' lang='lat' dir='ltr'><strong>in</strong></span> <span class='ocrx_word' id='word_1_61' title='bbox 1455 647 1556 675; x_wconf 75' lang='lat' dir='ltr'><strong>casu</strong></span> <span class='ocrx_word' id='word_1_62' title='bbox 1571 631 1653 679; x_wconf 63' lang='lat' dir='ltr'><strong>dffe-</strong></span> 
     </span>
    </p>
   </div>
   <div class='ocr_carea' id='block_1_4' title="bbox 732 862 1871 966">
    <p class='ocr_par' dir='ltr' id='par_1_7' title="bbox 732 862 1871 966">
     <span class='ocr_line' id='line_1_12' title="bbox 732 862 1871 931; baseline 0.003 -28"><span class='ocrx_word' id='word_1_63' title='bbox 732 862 1015 931; x_wconf 68' lang='lat' dir='ltr'><strong>Affirmative</strong></span> <span class='ocrx_word' id='word_1_64' title='bbox 1049 863 1167 917; x_wconf 78' lang='lat' dir='ltr'><strong>iuxta</strong></span> <span class='ocrx_word' id='word_1_65' title='bbox 1200 874 1354 912; x_wconf 82' lang='lat' dir='ltr'><strong>votum</strong></span> <span class='ocrx_word' id='word_1_66' title='bbox 1390 865 1593 922; x_wconf 69' lang='lat' dir='ltr'><strong>Episcopi</strong></span> <span class='ocrx_word' id='word_1_67' title='bbox 1629 863 1684 908; x_wconf 85' lang='lat' dir='ltr'><strong>ad</strong></span> <span class='ocrx_word' id='word_1_68' title='bbox 1719 877 1871 908; x_wconf 84' lang='lat' dir='ltr'><strong>sexeu-</strong></span> 
     </span>
     <span class='ocr_line' id='line_1_13' title="bbox 788 935 943 966; baseline 0.006 -3"><span class='ocrx_word' id='word_1_69' title='bbox 788 935 943 966; x_wconf 72' lang='lat' dir='ltr'><strong>nium,</strong></span> 
     </span>
    </p>
   </div>
   <div class='ocr_carea' id='block_1_5' title="bbox 498 1213 1888 2720">
    <p class='ocr_par' dir='ltr' id='par_1_8' title="bbox 614 1213 1885 1271">
     <span class='ocr_line' id='line_1_14' title="bbox 614 1213 1885 1271; baseline -0.004 -13"><span class='ocrx_word' id='word_1_70' title='bbox 614 1213 1002 1259; x_wconf 73' lang='lat' dir='ltr'><strong>ONSTANTOEN.</strong></span> <span class='ocrx_word' id='word_1_71' title='bbox 1035 1214 1602 1261; x_wconf 72' lang='lat' dir='ltr'>JRREGULARITATIS.</span> <span class='ocrx_word' id='word_1_72' title='bbox 1628 1216 1782 1271; x_wconf 78' lang='lat' dir='ltr'><strong>=Quum</strong></span> <span class='ocrx_word' id='word_1_73' title='bbox 1815 1218 1885 1256; x_wconf 56' lang='lat' dir='ltr'><strong>ins</strong></span> 
     </span>
    </p>

    <p class='ocr_par' dir='ltr' id='par_1_9' title="bbox 554 1274 1888 2021">
     <span class='ocr_line' id='line_1_15' title="bbox 625 1274 1885 1330; baseline -0.002 -14"><span class='ocrx_word' id='word_1_74' title='bbox 625 1276 715 1317; x_wconf 90' lang='lat' dir='ltr'><strong>vidi</strong></span> <span class='ocrx_word' id='word_1_75' title='bbox 736 1275 916 1330; x_wconf 84' lang='lat' dir='ltr'><strong>quidam</strong></span> <span class='ocrx_word' id='word_1_76' title='bbox 949 1276 1147 1318; x_wconf 82' lang='lat' dir='ltr'><strong>homines</strong></span> <span class='ocrx_word' id='word_1_77' title='bbox 1166 1288 1296 1318; x_wconf 87' lang='lat' dir='ltr'><strong>noctu</strong></span> <span class='ocrx_word' id='word_1_78' title='bbox 1318 1274 1617 1317; x_wconf 83' lang='lat' dir='ltr'><strong>transcendere</strong></span> <span class='ocrx_word' id='word_1_79' title='bbox 1639 1275 1885 1316; x_wconf 83' lang='lat' dir='ltr'><strong>consuevis-</strong></span> 
     </span>
     <span class='ocr_line' id='line_1_16' title="bbox 560 1332 1885 1383; baseline 0 -11"><span class='ocrx_word' id='word_1_80' title='bbox 560 1342 658 1374; x_wconf 83' lang='lat' dir='ltr'><strong>sent</strong></span> <span class='ocrx_word' id='word_1_81' title='bbox 676 1334 904 1374; x_wconf 81' lang='lat' dir='ltr'><strong>hortulum</strong></span> <span class='ocrx_word' id='word_1_82' title='bbox 924 1361 939 1382; x_wconf 66' lang='lat' dir='ltr'>a</span> <span class='ocrx_word' id='word_1_83' title='bbox 971 1346 1103 1383; x_wconf 90' lang='lat' dir='ltr'><strong>quem</strong></span> <span class='ocrx_word' id='word_1_84' title='bbox 1123 1335 1325 1374; x_wconf 84' lang='lat' dir='ltr'><strong>Clericus</strong></span> <span class='ocrx_word' id='word_1_85' title='bbox 1341 1332 1629 1373; x_wconf 83' lang='lat' dir='ltr'><strong>Beneficiatus</strong></span> <span class='ocrx_word' id='word_1_86' title='bbox 1649 1361 1663 1381; x_wconf 85' lang='lat'><strong>,</strong></span> <span class='ocrx_word' id='word_1_87' title='bbox 1677 1332 1718 1374; x_wconf 71' lang='grc' dir='ltr'>ἃ</span> <span class='ocrx_word' id='word_1_88' title='bbox 1735 1332 1885 1374; x_wconf 80' lang='lat' dir='ltr'><strong>Sacer-</strong></span> 
     </span>
     <span class='ocr_line' id='line_1_17' title="bbox 559 1387 1887 1441; baseline 0 -12"><span class='ocrx_word' id='word_1_89' title='bbox 559 1389 639 1430; x_wconf 87' lang='lat' dir='ltr'><strong>dos</strong></span> <span class='ocrx_word' id='word_1_90' title='bbox 666 1389 930 1431; x_wconf 81' lang='lat' dir='ltr'><strong>Laurentius</strong></span> <span class='ocrx_word' id='word_1_91' title='bbox 945 1388 1086 1430; x_wconf 83' lang='lat' dir='ltr'><strong>Klaile</strong></span> <span class='ocrx_word' id='word_1_92' title='bbox 1107 1403 1317 1430; x_wconf 85' lang='lat' dir='ltr'><strong>annorum</strong></span> <span class='ocrx_word' id='word_1_93' title='bbox 1338 1390 1409 1441; x_wconf 82' lang='lat'><strong>48.</strong></span> <span class='ocrx_word' id='word_1_94' title='bbox 1443 1387 1496 1427; x_wconf 81' lang='lat' dir='ltr'><strong>ad</strong></span> <span class='ocrx_word' id='word_1_95' title='bbox 1513 1401 1724 1429; x_wconf 82' lang='lat' dir='ltr'><strong>summam</strong></span> <span class='ocrx_word' id='word_1_96' title='bbox 1744 1390 1887 1431; x_wconf 81' lang='lat' dir='ltr'><strong>aedem</strong></span> 
     </span>
     <span class='ocr_line' id='line_1_18' title="bbox 559 1444 1886 1503; baseline -0.001 -17"><span class='ocrx_word' id='word_1_97' title='bbox 559 1445 763 1503; x_wconf 79' lang='lat' dir='ltr'><strong>Friburgi</strong></span> <span class='ocrx_word' id='word_1_98' title='bbox 793 1444 1028 1500; x_wconf 75' lang='lat' dir='ltr'><strong>Brisgovice</strong></span> <span class='ocrx_word' id='word_1_99' title='bbox 1063 1444 1254 1499; x_wconf 84' lang='lat' dir='ltr'><strong>possidet</strong></span> <span class='ocrx_word' id='word_1_100' title='bbox 1277 1474 1292 1496; x_wconf 85' lang='lat'><strong>,</strong></span> <span class='ocrx_word' id='word_1_101' title='bbox 1337 1448 1484 1494; x_wconf 83' lang='lat' dir='ltr'><strong>ibique</strong></span> <span class='ocrx_word' id='word_1_102' title='bbox 1520 1459 1669 1486; x_wconf 87' lang='lat' dir='ltr'><strong>recens</strong></span> <span class='ocrx_word' id='word_1_103' title='bbox 1701 1448 1886 1487; x_wconf 83' lang='lat' dir='ltr'><strong>consitas</strong></span> 
     </span>
     <span class='ocr_line' id='line_1_19' title="bbox 559 1501 1886 1556; baseline -0.001 -11"><span class='ocrx_word' id='word_1_104' title='bbox 559 1504 745 1545; x_wconf 87' lang='lat' dir='ltr'><strong>evellere</strong></span> <span class='ocrx_word' id='word_1_105' title='bbox 766 1535 781 1553; x_wconf 90' lang='lat'>,</span> <span class='ocrx_word' id='word_1_106' title='bbox 813 1513 888 1543; x_wconf 87' lang='lat' dir='ltr'><strong>aut</strong></span> <span class='ocrx_word' id='word_1_107' title='bbox 906 1501 1130 1544; x_wconf 82' lang='lat' dir='ltr'><strong>succidere</strong></span> <span class='ocrx_word' id='word_1_108' title='bbox 1150 1502 1325 1544; x_wconf 86' lang='lat' dir='ltr'><strong>arbores</strong></span> <span class='ocrx_word' id='word_1_109' title='bbox 1344 1533 1359 1552; x_wconf 79' lang='lat'>‚</span> <span class='ocrx_word' id='word_1_110' title='bbox 1388 1502 1558 1554; x_wconf 82' lang='lat' dir='ltr'><strong>aliaque</strong></span> <span class='ocrx_word' id='word_1_111' title='bbox 1580 1501 1764 1556; x_wconf 77' lang='lat' dir='ltr'><strong>diripere</strong></span> <span class='ocrx_word' id='word_1_112' title='bbox 1785 1519 1886 1544; x_wconf 87' lang='lat' dir='ltr'><strong>con-</strong></span> 
     </span>
     <span class='ocr_line' id='line_1_20' title="bbox 567 1558 1887 1615; baseline -0.002 -13"><span class='ocrx_word' id='word_1_113' title='bbox 567 1564 837 1610; x_wconf 82' lang='lat' dir='ltr'><strong>suevissent3</strong></span> <span class='ocrx_word' id='word_1_114' title='bbox 869 1559 1099 1615; x_wconf 69' lang='lat' dir='ltr'><strong>aliquoties</strong></span> <span class='ocrx_word' id='word_1_115' title='bbox 1123 1558 1287 1602; x_wconf 84' lang='lat' dir='ltr'><strong>idcirco</strong></span> <span class='ocrx_word' id='word_1_116' title='bbox 1315 1561 1367 1601; x_wconf 88' lang='lat' dir='ltr'><strong>ad</strong></span> <span class='ocrx_word' id='word_1_117' title='bbox 1388 1561 1478 1600; x_wconf 74' lang='lat' dir='ltr'><strong>haec</strong></span> <span class='ocrx_word' id='word_1_118' title='bbox 1511 1559 1743 1601; x_wconf 71' lang='lat' dir='ltr'><strong>avertenda</strong></span> <span class='ocrx_word' id='word_1_119' title='bbox 1763 1560 1887 1600; x_wconf 85' lang='lat' dir='ltr'><strong>dam-</strong></span> 
     </span>
     <span class='ocr_line' id='line_1_21' title="bbox 558 1615 1887 1671; baseline 0 -11"><span class='ocrx_word' id='word_1_120' title='bbox 558 1632 615 1661; x_wconf 87' lang='lat' dir='ltr'><strong>na</strong></span> <span class='ocrx_word' id='word_1_121' title='bbox 648 1622 690 1662; x_wconf 88' lang='lat' dir='ltr'><strong>in</strong></span> <span class='ocrx_word' id='word_1_122' title='bbox 724 1615 880 1661; x_wconf 85' lang='lat' dir='ltr'><strong>eodem</strong></span> <span class='ocrx_word' id='word_1_123' title='bbox 905 1618 1076 1660; x_wconf 83' lang='lat' dir='ltr'><strong>hortulo</strong></span> <span class='ocrx_word' id='word_1_124' title='bbox 1111 1620 1387 1671; x_wconf 81' lang='lat' dir='ltr'><strong>pernoctavit</strong></span> <span class='ocrx_word' id='word_1_125' title='bbox 1418 1617 1621 1658; x_wconf 80' lang='lat' dir='ltr'><strong>Sacerdos</strong></span> <span class='ocrx_word' id='word_1_126' title='bbox 1644 1647 1655 1658; x_wconf 92' lang='lat'><strong>.</strong></span> <span class='ocrx_word' id='word_1_127' title='bbox 1687 1617 1804 1659; x_wconf 79' lang='lat' dir='ltr'><strong>Dum</strong></span> <span class='ocrx_word' id='word_1_128' title='bbox 1828 1620 1887 1660; x_wconf 81' lang='lat' dir='ltr'><strong>ita</strong></span> 
     </span>
     <span class='ocr_line' id='line_1_22' title="bbox 557 1676 1886 1732; baseline -0.002 -13"><span class='ocrx_word' id='word_1_129' title='bbox 557 1679 816 1726; x_wconf 78' lang='lat' dir='ltr'><strong>excubabat,</strong></span> <span class='ocrx_word' id='word_1_130' title='bbox 829 1685 954 1716; x_wconf 82' lang='lat' dir='ltr'><strong>nocte</strong></span> <span class='ocrx_word' id='word_1_131' title='bbox 969 1690 1040 1728; x_wconf 84' lang='lat'><strong>24.</strong></span> <span class='ocrx_word' id='word_1_132' title='bbox 1058 1676 1155 1731; x_wconf 86' lang='lat' dir='ltr'><strong>Julii</strong></span> <span class='ocrx_word' id='word_1_133' title='bbox 1181 1691 1305 1732; x_wconf 86' lang='lat'>1794.</span> <span class='ocrx_word' id='word_1_134' title='bbox 1329 1678 1501 1717; x_wconf 88' lang='lat' dir='ltr'><strong>mittere</strong></span> <span class='ocrx_word' id='word_1_135' title='bbox 1519 1687 1725 1730; x_wconf 87' lang='lat' dir='ltr'><strong>ceperunt</strong></span> <span class='ocrx_word' id='word_1_136' title='bbox 1744 1677 1886 1717; x_wconf 85' lang='lat' dir='ltr'><strong>homi-</strong></span> 
     </span>
     <span class='ocr_line' id='line_1_23' title="bbox 556 1733 1888 1788; baseline -0.001 -13"><span class='ocrx_word' id='word_1_137' title='bbox 556 1747 635 1776; x_wconf 83' lang='lat' dir='ltr'><strong>nes</strong></span> <span class='ocrx_word' id='word_1_138' title='bbox 665 1735 723 1775; x_wconf 87' lang='lat' dir='ltr'><strong>illi</strong></span> <span class='ocrx_word' id='word_1_139' title='bbox 758 1734 963 1784; x_wconf 70' lang='lat' dir='ltr'><strong>adversus</strong></span> <span class='ocrx_word' id='word_1_140' title='bbox 995 1733 1222 1776; x_wconf 81' lang='lat' dir='ltr'><strong>aediculam</strong></span> <span class='ocrx_word' id='word_1_141' title='bbox 1253 1735 1365 1776; x_wconf 87' lang='lat' dir='ltr'><strong>horti</strong></span> <span class='ocrx_word' id='word_1_142' title='bbox 1398 1734 1644 1788; x_wconf 83' lang='lat' dir='ltr'><strong>frequentes</strong></span> <span class='ocrx_word' id='word_1_143' title='bbox 1674 1733 1851 1787; x_wconf 77' lang='lat' dir='ltr'><strong>lapides</strong></span> <span class='ocrx_word' id='word_1_144' title='bbox 1871 1763 1888 1785; x_wconf 88' lang='lat'><strong>,</strong></span> 
     </span>
     <span class='ocr_line' id='line_1_24' title="bbox 554 1792 1888 1848; baseline -0.001 -14"><span class='ocrx_word' id='word_1_145' title='bbox 554 1804 607 1834; x_wconf 83' lang='lat' dir='ltr'><strong>ac</strong></span> <span class='ocrx_word' id='word_1_146' title='bbox 627 1801 724 1848; x_wconf 89' lang='lat' dir='ltr'><strong>post</strong></span> <span class='ocrx_word' id='word_1_147' title='bbox 745 1792 944 1833; x_wconf 88' lang='lat' dir='ltr'><strong>inutilem</strong></span> <span class='ocrx_word' id='word_1_148' title='bbox 980 1792 1215 1834; x_wconf 87' lang='lat' dir='ltr'><strong>clamorem</strong></span> <span class='ocrx_word' id='word_1_149' title='bbox 1252 1792 1277 1832; x_wconf 82' lang='grc' dir='ltr'>ὲ</span> <span class='ocrx_word' id='word_1_150' title='bbox 1304 1792 1492 1834; x_wconf 82' lang='lat' dir='ltr'><strong>fenestra</strong></span> <span class='ocrx_word' id='word_1_151' title='bbox 1514 1821 1528 1842; x_wconf 83' lang='lat'>‚</span> <span class='ocrx_word' id='word_1_152' title='bbox 1558 1793 1666 1834; x_wconf 78' lang='lat' dir='ltr'><strong>intet-</strong></span> <span class='ocrx_word' id='word_1_153' title='bbox 1688 1793 1888 1832; x_wconf 78' lang='lat' dir='ltr'><strong>tenebras</strong></span> 
     </span>
     <span class='ocr_line' id='line_1_25' title="bbox 555 1848 1881 1906; baseline -0.002 -15"><span class='ocrx_word' id='word_1_154' title='bbox 555 1851 738 1905; x_wconf 74' lang='lat' dir='ltr'><strong>explosit</strong></span> <span class='ocrx_word' id='word_1_155' title='bbox 755 1848 963 1892; x_wconf 84' lang='lat' dir='ltr'><strong>Sacerdos</strong></span> <span class='ocrx_word' id='word_1_156' title='bbox 984 1850 1152 1906; x_wconf 83' lang='lat' dir='ltr'><strong>igneam</strong></span> <span class='ocrx_word' id='word_1_157' title='bbox 1174 1849 1383 1891; x_wconf 77' lang='lat' dir='ltr'><strong>ballistam</strong></span> <span class='ocrx_word' id='word_1_158' title='bbox 1401 1879 1416 1900; x_wconf 63' lang='lat'><em>9</em></span> <span class='ocrx_word' id='word_1_159' title='bbox 1447 1849 1658 1905; x_wconf 79' lang='lat' dir='ltr'><strong>plumbeis</strong></span> <span class='ocrx_word' id='word_1_160' title='bbox 1678 1860 1881 1890; x_wconf 77' lang='lat' dir='ltr'><strong>onustam</strong></span> 
     </span>
     <span class='ocr_line' id='line_1_26' title="bbox 556 1905 1886 1965; baseline 0.002 -17"><span class='ocrx_word' id='word_1_161' title='bbox 556 1908 743 1965; x_wconf 76' lang='lat' dir='ltr'><strong>globulis</strong></span> <span class='ocrx_word' id='word_1_162' title='bbox 760 1936 775 1959; x_wconf 85' lang='lat'><strong><em>‚</em></strong></span> <span class='ocrx_word' id='word_1_163' title='bbox 805 1909 941 1962; x_wconf 89' lang='lat' dir='ltr'><strong>quiin</strong></span> <span class='ocrx_word' id='word_1_164' title='bbox 962 1907 1128 1962; x_wconf 84' lang='lat' dir='ltr'><strong>lepores</strong></span> <span class='ocrx_word' id='word_1_165' title='bbox 1149 1906 1341 1951; x_wconf 86' lang='lat' dir='ltr'><strong>adhiberi</strong></span> <span class='ocrx_word' id='word_1_166' title='bbox 1365 1910 1504 1951; x_wconf 86' lang='lat' dir='ltr'><strong>solent</strong></span> <span class='ocrx_word' id='word_1_167' title='bbox 1523 1937 1537 1960; x_wconf 86' lang='grc'><em>,</em></span> <span class='ocrx_word' id='word_1_168' title='bbox 1574 1909 1615 1950; x_wconf 74' lang='grc' dir='ltr'><strong>ὅ(</strong></span> <span class='ocrx_word' id='word_1_169' title='bbox 1636 1905 1886 1951; x_wconf 81' lang='lat' dir='ltr'><strong>studentem</strong></span> 
     </span>
     <span class='ocr_line' id='line_1_27' title="bbox 556 1965 1062 2021; baseline 0 -13"><span class='ocrx_word' id='word_1_170' title='bbox 556 1965 794 2021; x_wconf 87' lang='lat' dir='ltr'><strong>quemdam</strong></span> <span class='ocrx_word' id='word_1_171' title='bbox 812 1965 1029 2011; x_wconf 87' lang='lat' dir='ltr'><strong>interfecit</strong></span> <span class='ocrx_word' id='word_1_172' title='bbox 1051 1996 1062 2008; x_wconf 92' lang='lat'>.</span> 
     </span>
    </p>

    <p class='ocr_par' dir='ltr' id='par_1_10' title="bbox 498 2020 1884 2720">
     <span class='ocr_line' id='line_1_28' title="bbox 498 2020 1884 2080; baseline -0.004 -14"><span class='ocrx_word' id='word_1_173' title='bbox 498 2026 551 2068; x_wconf 82' lang='lat' dir='ltr'><strong>Iu</strong></span> <span class='ocrx_word' id='word_1_174' title='bbox 572 2037 674 2066; x_wconf 87' lang='lat' dir='ltr'><strong>eum</strong></span> <span class='ocrx_word' id='word_1_175' title='bbox 695 2033 924 2080; x_wconf 84' lang='lat' dir='ltr'><strong>propterea</strong></span> <span class='ocrx_word' id='word_1_176' title='bbox 947 2027 1151 2080; x_wconf 88' lang='lat' dir='ltr'><strong>sequenti</strong></span> <span class='ocrx_word' id='word_1_177' title='bbox 1170 2041 1301 2070; x_wconf 85' lang='lat' dir='ltr'><strong>mane</strong></span> <span class='ocrx_word' id='word_1_178' title='bbox 1328 2027 1400 2067; x_wconf 88' lang='lat' dir='ltr'><strong>alii</strong></span> <span class='ocrx_word' id='word_1_179' title='bbox 1421 2027 1668 2079; x_wconf 83' lang='lat' dir='ltr'><strong>irruperunt</strong></span> <span class='ocrx_word' id='word_1_180' title='bbox 1704 2020 1884 2063; x_wconf 84' lang='lat' dir='ltr'><strong>studen-</strong></span> 
     </span>
     <span class='ocr_line' id='line_1_29' title="bbox 556 2083 1884 2138; baseline -0.005 -12"><span class='ocrx_word' id='word_1_181' title='bbox 556 2091 626 2126; x_wconf 84' lang='lat' dir='ltr'><strong>tes</strong></span> <span class='ocrx_word' id='word_1_182' title='bbox 640 2110 656 2134; x_wconf 83' lang='lat'><strong>,</strong></span> <span class='ocrx_word' id='word_1_183' title='bbox 694 2084 767 2123; x_wconf 85' lang='lat' dir='ltr'><strong>sed</strong></span> <span class='ocrx_word' id='word_1_184' title='bbox 789 2084 961 2138; x_wconf 85' lang='lat' dir='ltr'><strong>publica</strong></span> <span class='ocrx_word' id='word_1_185' title='bbox 989 2085 1040 2125; x_wconf 90' lang='lat' dir='ltr'><strong>ab</strong></span> <span class='ocrx_word' id='word_1_186' title='bbox 1057 2098 1209 2127; x_wconf 88' lang='lat' dir='ltr'><strong>eorum</strong></span> <span class='ocrx_word' id='word_1_187' title='bbox 1237 2084 1434 2128; x_wconf 80' lang='lat' dir='ltr'><strong>manibus</strong></span> <span class='ocrx_word' id='word_1_188' title='bbox 1453 2091 1627 2137; x_wconf 87' lang='lat' dir='ltr'><strong>ereptus</strong></span> <span class='ocrx_word' id='word_1_189' title='bbox 1648 2083 1884 2120; x_wconf 78' lang='lat' dir='ltr'><strong>auctorita-</strong></span> 
     </span>
     <span class='ocr_line' id='line_1_30' title="bbox 556 2138 1883 2193; baseline -0.003 -11"><span class='ocrx_word' id='word_1_190' title='bbox 556 2149 630 2191; x_wconf 80' lang='lat' dir='ltr'><strong>te,</strong></span> <span class='ocrx_word' id='word_1_191' title='bbox 661 2142 814 2182; x_wconf 77' lang='lat' dir='ltr'><strong>missus</strong></span> <span class='ocrx_word' id='word_1_192' title='bbox 852 2138 932 2183; x_wconf 69' lang='lat' dir='ltr'><strong>fuit</strong></span> <span class='ocrx_word' id='word_1_193' title='bbox 957 2142 1168 2184; x_wconf 87' lang='lat' dir='ltr'><strong>homicida</strong></span> <span class='ocrx_word' id='word_1_194' title='bbox 1209 2146 1252 2184; x_wconf 88' lang='lat' dir='ltr'><strong>in</strong></span> <span class='ocrx_word' id='word_1_195' title='bbox 1283 2154 1495 2183; x_wconf 87' lang='lat' dir='ltr'><strong>carcerem</strong></span> <span class='ocrx_word' id='word_1_196' title='bbox 1517 2169 1533 2190; x_wconf 74' lang='lat' dir='ltr'><strong>s</strong></span> <span class='ocrx_word' id='word_1_197' title='bbox 1562 2138 1801 2193; x_wconf 87' lang='lat' dir='ltr'><strong>deindeque</strong></span> <span class='ocrx_word' id='word_1_198' title='bbox 1829 2138 1883 2178; x_wconf 81' lang='lat' dir='ltr'><strong>ad</strong></span> 
     </span>
     <span class='ocr_line' id='line_1_31' title="bbox 558 2195 1883 2250; baseline -0.002 -10"><span class='ocrx_word' id='word_1_199' title='bbox 558 2196 770 2240; x_wconf 83' lang='lat' dir='ltr'><strong>sedandos</strong></span> <span class='ocrx_word' id='word_1_200' title='bbox 803 2199 1027 2240; x_wconf 85' lang='lat' dir='ltr'><strong>studentes</strong></span> <span class='ocrx_word' id='word_1_201' title='bbox 1048 2198 1347 2243; x_wconf 80' lang='lat' dir='ltr'><strong>Constantiam</strong></span> <span class='ocrx_word' id='word_1_202' title='bbox 1380 2198 1647 2239; x_wconf 76' lang='lat' dir='ltr'><strong>transmissus</strong></span> <span class='ocrx_word' id='word_1_203' title='bbox 1668 2225 1683 2247; x_wconf 82' lang='lat'><strong>‚</strong></span> <span class='ocrx_word' id='word_1_204' title='bbox 1712 2210 1801 2250; x_wconf 86' lang='lat' dir='ltr'><strong>quo</strong></span> <span class='ocrx_word' id='word_1_205' title='bbox 1829 2195 1883 2237; x_wconf 76' lang='lat' dir='ltr'><strong>ad</strong></span> 
     </span>
     <span class='ocr_line' id='line_1_32' title="bbox 557 2255 1884 2307; baseline -0.003 -9"><span class='ocrx_word' id='word_1_206' title='bbox 557 2269 755 2298; x_wconf 75' lang='lat' dir='ltr'><strong>annuum</strong></span> <span class='ocrx_word' id='word_1_207' title='bbox 773 2257 816 2297; x_wconf 81' lang='lat' dir='ltr'><strong>in</strong></span> <span class='ocrx_word' id='word_1_208' title='bbox 838 2259 997 2299; x_wconf 83' lang='lat' dir='ltr'><strong>catenis</strong></span> <span class='ocrx_word' id='word_1_209' title='bbox 1017 2256 1242 2299; x_wconf 85' lang='lat' dir='ltr'><strong>damnatus</strong></span> <span class='ocrx_word' id='word_1_210' title='bbox 1263 2270 1475 2299; x_wconf 78' lang='lat' dir='ltr'><strong>carcerem</strong></span> <span class='ocrx_word' id='word_1_211' title='bbox 1494 2286 1508 2307; x_wconf 86' lang='lat'><strong>‚</strong></span> <span class='ocrx_word' id='word_1_212' title='bbox 1537 2256 1589 2296; x_wconf 90' lang='lat' dir='ltr'><strong>ab</strong></span> <span class='ocrx_word' id='word_1_213' title='bbox 1608 2257 1727 2295; x_wconf 85' lang='lat' dir='ltr'><strong>omni</strong></span> <span class='ocrx_word' id='word_1_214' title='bbox 1750 2255 1884 2294; x_wconf 86' lang='lat' dir='ltr'><strong>etiarn</strong></span> 
     </span>
     <span class='ocr_line' id='line_1_33' title="bbox 559 2315 1882 2368; baseline -0.003 -13"><span class='ocrx_word' id='word_1_215' title='bbox 559 2326 794 2368; x_wconf 82' lang='lat' dir='ltr'><strong>suspensus</strong></span> <span class='ocrx_word' id='word_1_216' title='bbox 819 2325 881 2357; x_wconf 84' lang='lat' dir='ltr'><strong>est</strong></span> <span class='ocrx_word' id='word_1_217' title='bbox 909 2317 1115 2358; x_wconf 82' lang='lat' dir='ltr'><strong>exercitio</strong></span> <span class='ocrx_word' id='word_1_218' title='bbox 1131 2315 1307 2357; x_wconf 85' lang='lat' dir='ltr'><strong>Ordinis</strong></span> <span class='ocrx_word' id='word_1_219' title='bbox 1323 2345 1334 2356; x_wconf 88' lang='lat'><em>.</em></span> <span class='ocrx_word' id='word_1_220' title='bbox 1367 2316 1465 2355; x_wconf 72' lang='lat' dir='ltr'><strong>Post</strong></span> <span class='ocrx_word' id='word_1_221' title='bbox 1485 2328 1556 2354; x_wconf 82' lang='lat' dir='ltr'><strong>sex</strong></span> <span class='ocrx_word' id='word_1_222' title='bbox 1585 2327 1687 2354; x_wconf 85' lang='lat' dir='ltr'><strong>vero</strong></span> <span class='ocrx_word' id='word_1_223' title='bbox 1710 2324 1882 2354; x_wconf 78' lang='lat' dir='ltr'><strong>menses</strong></span> 
     </span>
     <span class='ocr_line' id='line_1_34' title="bbox 560 2369 1879 2429; baseline -0.003 -16"><span class='ocrx_word' id='word_1_224' title='bbox 560 2386 587 2413; x_wconf 80' lang='lat' dir='ltr'><strong>a</strong></span> <span class='ocrx_word' id='word_1_225' title='bbox 607 2386 730 2426; x_wconf 85' lang='lat' dir='ltr'><strong>passo</strong></span> <span class='ocrx_word' id='word_1_226' title='bbox 755 2385 929 2414; x_wconf 87' lang='lat' dir='ltr'><strong>carcere</strong></span> <span class='ocrx_word' id='word_1_227' title='bbox 949 2402 963 2425; x_wconf 86' lang='lat'><strong>,</strong></span> <span class='ocrx_word' id='word_1_228' title='bbox 994 2374 1038 2413; x_wconf 81' lang='lat' dir='ltr'><strong>in</strong></span> <span class='ocrx_word' id='word_1_229' title='bbox 1056 2373 1297 2416; x_wconf 80' lang='lat' dir='ltr'><strong>libertatem</strong></span> <span class='ocrx_word' id='word_1_230' title='bbox 1333 2387 1382 2413; x_wconf 74' lang='lat' dir='ltr'><strong>ex</strong></span> <span class='ocrx_word' id='word_1_231' title='bbox 1402 2375 1530 2429; x_wconf 77' lang='lat' dir='ltr'><strong>gratia</strong></span> <span class='ocrx_word' id='word_1_232' title='bbox 1555 2370 1680 2412; x_wconf 89' lang='lat' dir='ltr'><strong>rediit</strong></span> <span class='ocrx_word' id='word_1_233' title='bbox 1698 2399 1712 2417; x_wconf 85' lang='grc'>,</span> <span class='ocrx_word' id='word_1_234' title='bbox 1741 2369 1879 2424; x_wconf 81' lang='lat' dir='ltr'><strong>degit-</strong></span> 
     </span>
     <span class='ocr_line' id='line_1_35' title="bbox 559 2426 1880 2485; baseline -0.005 -15"><span class='ocrx_word' id='word_1_235' title='bbox 559 2444 648 2485; x_wconf 84' lang='lat' dir='ltr'><strong>que</strong></span> <span class='ocrx_word' id='word_1_236' title='bbox 668 2428 722 2471; x_wconf 83' lang='lat' dir='ltr'><strong>ad</strong></span> <span class='ocrx_word' id='word_1_237' title='bbox 743 2430 834 2473; x_wconf 74' lang='lat' dir='ltr'><strong>haec</strong></span> <span class='ocrx_word' id='word_1_238' title='bbox 851 2441 1042 2485; x_wconf 79' lang='lat' dir='ltr'><strong>tempora</strong></span> <span class='ocrx_word' id='word_1_239' title='bbox 1073 2432 1184 2472; x_wconf 85' lang='lat' dir='ltr'><strong>inter</strong></span> <span class='ocrx_word' id='word_1_240' title='bbox 1205 2432 1422 2473; x_wconf 86' lang='lat' dir='ltr'><strong>Alumnos</strong></span> <span class='ocrx_word' id='word_1_241' title='bbox 1452 2428 1779 2471; x_wconf 84' lang='lat' dir='ltr'><strong>constantiensis</strong></span> <span class='ocrx_word' id='word_1_242' title='bbox 1806 2426 1880 2465; x_wconf 85' lang='lat' dir='ltr'><strong>Se-</strong></span> 
     </span>
     <span class='ocr_line' id='line_1_36' title="bbox 560 2488 1879 2544; baseline -0.001 -18"><span class='ocrx_word' id='word_1_243' title='bbox 560 2489 734 2528; x_wconf 86' lang='lat' dir='ltr'><strong>minarii</strong></span> <span class='ocrx_word' id='word_1_244' title='bbox 769 2501 870 2529; x_wconf 90' lang='lat' dir='ltr'><strong>cum</strong></span> <span class='ocrx_word' id='word_1_245' title='bbox 899 2503 997 2530; x_wconf 80' lang='lat' dir='ltr'><strong>vera</strong></span> <span class='ocrx_word' id='word_1_246' title='bbox 1018 2491 1272 2544; x_wconf 83' lang='lat' dir='ltr'><strong>poenitentia</strong></span> <span class='ocrx_word' id='word_1_247' title='bbox 1299 2488 1473 2531; x_wconf 83' lang='lat' dir='ltr'><strong>delicti.</strong></span> <span class='ocrx_word' id='word_1_248' title='bbox 1504 2488 1728 2542; x_wconf 82' lang='lat' dir='ltr'><strong>Supplicat</strong></span> <span class='ocrx_word' id='word_1_249' title='bbox 1759 2494 1879 2523; x_wconf 79' lang='lat' dir='ltr'><strong>nuuc</strong></span> 
     </span>
     <span class='ocr_line' id='line_1_37' title="bbox 560 2541 1878 2604; baseline 0.001 -22"><span class='ocrx_word' id='word_1_250' title='bbox 560 2555 642 2597; x_wconf 81' lang='lat' dir='ltr'><strong>pro</strong></span> <span class='ocrx_word' id='word_1_251' title='bbox 677 2544 990 2600; x_wconf 83' lang='lat' dir='ltr'><strong>dispensatione</strong></span> <span class='ocrx_word' id='word_1_252' title='bbox 1025 2548 1077 2589; x_wconf 88' lang='lat' dir='ltr'><strong>ab</strong></span> <span class='ocrx_word' id='word_1_253' title='bbox 1110 2548 1450 2604; x_wconf 81' lang='lat' dir='ltr'><strong>irregularitate;</strong></span> <span class='ocrx_word' id='word_1_254' title='bbox 1480 2545 1522 2586; x_wconf 71' lang='grc' dir='ltr'>ἃ</span> <span class='ocrx_word' id='word_1_255' title='bbox 1554 2541 1878 2587; x_wconf 76' lang='lat' dir='ltr'><strong>constantiensis</strong></span> 
     </span>
     <span class='ocr_line' id='line_1_38' title="bbox 561 2600 1877 2661; baseline -0.003 -19"><span class='ocrx_word' id='word_1_256' title='bbox 561 2600 802 2654; x_wconf 79' lang='lat' dir='ltr'><strong>Episcopus</strong></span> <span class='ocrx_word' id='word_1_257' title='bbox 828 2615 1037 2653; x_wconf 77' lang='lat' dir='ltr'><strong>testatur,</strong></span> <span class='ocrx_word' id='word_1_258' title='bbox 1069 2605 1186 2659; x_wconf 88' lang='lat' dir='ltr'><strong>quod</strong></span> <span class='ocrx_word' id='word_1_259' title='bbox 1222 2619 1460 2661; x_wconf 80' lang='lat' dir='ltr'><strong>numquam</strong></span> <span class='ocrx_word' id='word_1_260' title='bbox 1497 2608 1540 2642; x_wconf 82' lang='lat' dir='ltr'><strong>in</strong></span> <span class='ocrx_word' id='word_1_261' title='bbox 1571 2601 1877 2659; x_wconf 56' lang='lat' dir='ltr'><strong>Brisgymkzm„</strong></span> 
     </span>
     <span class='ocr_line' id='line_1_39' title="bbox 561 2656 1875 2720; baseline -0.002 -22"><span class='ocrx_word' id='word_1_262' title='bbox 561 2656 760 2714; x_wconf 85' lang='lat' dir='ltr'><strong>(Orator</strong></span> <span class='ocrx_word' id='word_1_263' title='bbox 777 2658 1037 2720; x_wconf 54' lang='lat' dir='ltr'><strong>&gt;rediturus</strong></span> <span class='ocrx_word' id='word_1_264' title='bbox 1056 2691 1069 2711; x_wconf 76' lang='grc'><em>,</em></span> <span class='ocrx_word' id='word_1_265' title='bbox 1099 2674 1226 2719; x_wconf 80' lang='lat' dir='ltr'><strong>atque</strong></span> <span class='ocrx_word' id='word_1_266' title='bbox 1251 2664 1356 2703; x_wconf 76' lang='lat' dir='ltr'><strong>odeo</strong></span> <span class='ocrx_word' id='word_1_267' title='bbox 1392 2672 1515 2702; x_wconf 63' lang='lat' dir='ltr'><strong>extra</strong></span> <span class='ocrx_word' id='word_1_268' title='bbox 1547 2659 1756 2699; x_wconf 76' lang='lat' dir='ltr'><strong>Ditioncm</strong></span> <span class='ocrx_word' id='word_1_269' title='bbox 1793 2670 1875 2696; x_wconf 81' lang='lat' dir='ltr'><strong>cm·</strong></span> 
     </span>
    </p>
   </div>
   <div class='ocr_carea' id='block_1_6' title="bbox 560 2714 1878 2813">
    <p class='ocr_par' dir='ltr' id='par_1_11' title="bbox 560 2714 1878 2813">
     <span class='ocr_line' id='line_1_40' title="bbox 560 2714 1875 2774; baseline -0.001 -17"><span class='ocrx_word' id='word_1_270' title='bbox 560 2719 755 2759; x_wconf 63' lang='lat' dir='ltr'><strong>ciriacam</strong></span> <span class='ocrx_word' id='word_1_271' title='bbox 767 2717 944 2773; x_wconf 68' lang='lat' dir='ltr'><strong>posthac</strong></span> <span class='ocrx_word' id='word_1_272' title='bbox 958 2725 1106 2761; x_wconf 57' lang='lat' dir='ltr'><strong>virens</strong></span> <span class='ocrx_word' id='word_1_273' title='bbox 1121 2749 1137 2773; x_wconf 64' lang='lat'><em>2</em></span> <span class='ocrx_word' id='word_1_274' title='bbox 1165 2720 1414 2762; x_wconf 75' lang='lat' dir='ltr'><strong>scandalum</strong></span> <span class='ocrx_word' id='word_1_275' title='bbox 1432 2716 1594 2759; x_wconf 77' lang='lat' dir='ltr'><strong>nullum</strong></span> <span class='ocrx_word' id='word_1_276' title='bbox 1609 2724 1652 2758; x_wconf 77' lang='lat' dir='ltr'><strong>in</strong></span> <span class='ocrx_word' id='word_1_277' title='bbox 1660 2714 1875 2774; x_wconf 68' lang='lat' dir='ltr'><strong>populum</strong></span> 
     </span>
     <span class='ocr_line' id='line_1_41' title="bbox 1808 2786 1878 2813; baseline -0.014 0"><span class='ocrx_word' id='word_1_278' title='bbox 1808 2786 1878 2813; x_wconf 81' lang='lat' dir='ltr'><strong>cc-</strong></span> 
     </span>
    </p>
   </div>
  </div>
 </body>
</html>
