1945 2928
506 99 584 138 168
1020 95 1085 135 18.
1110 92 1219 146 Julic'
1251 92 1382 149 17'95.

506 153 756 197 retrocessit
794 152 1049 194 Assortatus
1083 151 1407 204 juspatronatus
1430 165 1445 199 ς
1495 149 1535 192 &
1555 147 1856 205 ·Cacciatupt‚·

511 227 558 255 ac
578 207 897 253 Raccamadori
938 207 1220 250 reddiderunt
1263 210 1452 264 pretium
1479 218 1702 249 scutorum
1723 210 1856 264 560.3

514 273 658 326 public
673 283 697 307 0
715 269 758 306 in
778 263 820 304 id
849 267 1057 320 stipuiato
1077 269 1368 307 instrumento
1386 268 1467 306 sub
1484 266 1554 306 die
1574 268 1647 308 26.
1662 265 1859 308 Novem-

521 330 604 367 bris
623 323 822 380 praedicti
840 327 943 365 anni
967 339 1091 381 ¹793·
1126 324 1377 378 Supplicem
1408 324 1505 365 hinc
1524 324 1698 367 Patroni
1715 324 1860 368 Sacrae

519 384 854 440 Congrcgationi
893 381 1110 424 dederunt
1140 382 1330 423 libellum
1366 396 1442 437 pro
1475 380 1681 424 facultate
1712 384 1861 424 nomi-

522 441 652 482 nandi
677 469 690 491 ,
720 448 900 481 attenta
931 441 1200 482 resolutione
1232 441 1463 491 cessioniS,
1493 441 1533 481 &
1552 442 1862 483 nominationis

523 498 646 541 facrae
667 500 718 540 ab
738 498 974 540 Assortato
994 514 1008 549 ς
1039 497 1287 555 auditisque
1311 512 1440 554 super
1476 500 1601 540 novis
1623 499 1740 542 hisce
1759 513 1863 554 pre-

525 559 647 599 cibus
685 560 898 598 interesse
930 555 1187 602 habentibus
1209 588 1222 606 ,
1253 555 1516 599 contendere
1545 558 1664 612 cepit
1679 557 1865 614 Joannes

528 616 719 670 Baptista
749 613 1010 670 Caecialupi
1041 613 1156 657 filius
1182 614 1410 667 cajetani,
1452 615 1530 670 qui
1559 615 1772 657 cessiones
1797 614 1865 659 fe·

530 684 646 719 cerat
666 675 858 729 juspatro
871 681 995 714 natus
1015 702 1030 722 ‚
1064 671 1118 714 ad
1139 687 1183 716 se
1204 674 1271 725 jus
1290 671 1541 716 nominandi
1577 674 1795 728 pertinere
1813 687 1867 716 ex

532 733 760 776 universati
794 729 1031 773 donatione
1064 733 1197 786 patris
1227 748 1265 788 7.
1286 729 1485 772 Octobris
1510 731 1634 788 1780.
1662 759 1673 771 .
1703 729 1869 774 Execu-

533 802 646 832 tores
665 798 810 832 autem
849 790 1166 831 testamentarii
1187 789 1254 842 jus
1283 788 1387 830 illuri
1409 790 1599 844 ipsorum
1619 787 1768 831 favore
1788 788 1867 832 de-

536 849 737 890 volutum
761 844 1042 889 affirmabant
1059 847 1114 889 ob
1133 849 1386 890 simoniacas
1407 847 1765 903 jurispatronatus
1783 860 1871 890 ces·

538 908 680 949 siones
699 934 713 949 .
743 905 1022 961 Quapropter
1042 906 1216 960 praefixo
1233 907 1437 949 omnibns
1453 907 1643 948 termino
1659 904 1711 946 ad
1731 904 1874 948 dedu-

539 963 728 1008 cendum
750 963 843 1015 jura
870 964 1001 1005 suain
1023 961 1150 1006 Sacra
1170 964 1514 1022 Congregatione
1535 992 1551 1015 ‚
1579 965 1736 1005 iterum
1753 964 1867 1005 able·

545 1033 641 1079 gata
661 1020 747 1062 fuit
769 1019 912 1062 Causa
933 1019 984 1062 ad
1006 1022 1180 1064 Folium
1203 1051 1218 1073 ‚
1247 1027 1378 1065 citata
1398 1022 1520 1063 Parte
1537 1049 1550 1061 .
1579 1019 1744 1062 Verum
1775 1030 1873 1075 post

545 1081 799 1122 diuturnum
834 1079 1049 1121 silentium
1071 1108 1086 1130 ,
1101 1093 1192 1122 rem
1214 1093 1390 1122 omnem
1411 1080 1490 1121 EE.
1512 1078 1689 1122 Patrum
1707 1078 1874 1132 judicio

553 1138 715 1192 absque
732 1137 901 1178 formati
915 1141 1198 1180 contentione
1217 1140 1503 1181 committunt
1523 1168 1535 1179 .

497 1195 750 1241 Simoniacae
770 1194 962 1250 profecto
999 1195 1202 1239 videntur
1234 1197 1448 1240 cessiones
1484 1195 1875 1253 jurispatronatus,

562 1253 617 1297 de
638 1255 795 1309 quibus
817 1256 957 1309 agitur
975 1283 989 1304 ‚
1019 1255 1074 1294 ob
1095 1262 1292 1296 mutuam
1312 1254 1567 1296 solutionem
1580 1255 1846 1306 scutor.560.
1860 1282 1878 1305 ,

562 1312 684 1367 juxta
703 1320 871 1352 extrav.
894 1325 993 1352 cum
1010 1312 1245 1353 ‹letesmhile
1261 1312 1390 1353 Pauli
1407 1311 1455 1352 u.
1481 1313 1693 1358 cles-imon.
1712 1340 1722 1351 .
1749 1311 1800 1353 Et
1822 1313 1876 1352 ti-

559 1379 630 1413 cet
644 1368 761 1424 quod
799 1369 843 1408 in
862 1371 1002 1422 prima
1023 1371 1216 1411 cessione
1235 1383 1480 1424 expressum
1515 1379 1601 1412 cest
1641 1370 1757 1410 illius
1776 1383 1877 1424 pre-

562 1431 676 1471 tium
692 1457 708 1477 ,
740 1424 964 1482 palliatum
985 1426 1117 1469 fuerit
1137 1428 1180 1468 in
1191 1425 1377 1469 secunda
1410 1442 1438 1468 a
1457 1428 1568 1469 titolo
1590 1427 1634 1470 di
1649 1426 1878 1486 gratifica-

560 1491 712 1535 πίστιες
742 1483 914 1541 insignis
948 1492 1098 1527 tamen
1127 1484 1381 1541 gratificatio
1416 1494 1638 1528 scutorum
1664 1485 1764 1541 560.
1787 1499 1878 1527 nou

560 1542 846 1601 praesumitur
863 1569 878 1594 ,
897 1556 945 1586 ac
963 1556 1116 1584 verum
1138 1546 1282 1599 potius
1299 1552 1498 1586 censetur
1510 1545 1702 1599 pretium
1721 1544 1775 1586 ab
1789 1545 1877 1583 ini-

564 1605 630 1643 tio
646 1610 914 1643 conventum
933 1630 948 1650 ‚
981 1613 1216 1656 veramque
1236 1600 1395 1643 idcirco
1409 1603 1636 1643 simoniam
1672 1600 1840 1644 inducit
1861 1631 1878 1650 ,

562 1659 760 1703 Roclorm.
780 1658 831 1700 (Ie
849 1660 1003 1700 simon.
1024 1670 1140 1717 part.
1163 1675 1203 1717 3.
1225 1675 1323 1718 cap.
1341 1673 1410 1715 25.
1431 1659 1510 1701 suh
1540 1674 1659 1702 num.
1681 1672 1749 1712 14.
1764 1688 1777 1700 .
1807 1659 1880 1700 Ab

564 1717 640 1760 hac
662 1714 842 1772 quidem
856 1716 1064 1760 cedentes
1079 1722 1270 1760 excusari
1294 1727 1467 1774 possent
1484 1718 1578 1759 labe
1612 1717 1668 1758 ob
1686 1730 1882 1759 reserva-

566 1786 662 1817 tum
699 1776 942 1829 inutraque
971 1776 1164 1818 cessione
1183 1775 1516 1830 Beneplacitum
1545 1775 1849 1829 Apostolicum
1867 1802 1884 1825 ‚

565 1847 642 1889 per
649 1832 786 1890 fstoss.
810 1837 853 1874 in
871 1847 968 1890 cap.
987 1848 1083 1876 cum
1096 1833 1264 1890 pridem
1295 1833 1349 1874 de
1359 1842 1476 1888 pact.
1506 1832 1617 1874 verb.
1637 1831 1882 1886 illicita-prz-

564 1896 721 1933 ctioues
737 1919 752 1941 ‚
776 1891 940 1950 Far-311.
978 1892 1029 1933 cle
1042 1894 1250 1948 jureprnr.
1272 1902 1389 1947 part.
1408 1904 1449 1932 2.
1484 1904 1579 1931 erm.
1603 1903 1669 1931 12.
1692 1917 1708 1940 ‚
1736 1888 1788 1933 <3⁶
1815 1903 1880 1945 ¹3·

565 1962 656 1991 cns.
675 1962 718 2002 4.
737 1977 751 1999 ‚
774 1949 824 1993 <3⁶
839 1963 878 2006 5.
899 1978 913 2000 ‚
943 1948 1018 1992 sed
1044 1947 1098 1990 de
1123 1951 1283 1991 virtute
1317 1946 1604 1990 dubitandum
1625 1947 1883 1990 reservatio-

570 2008 638 2051 nis
659 2022 672 2056 ς
704 2021 843 2061 quum
865 2022 940 2063 per
959 2009 1302 2049 nominationem
1327 2006 1514 2049 Pandolfi
1534 2019 1633 2047 usus
1651 2005 1779 2047 fuerit
1799 2005 1885 2044 As-

572 2075 761 2106 sortatus
780 2079 900 2107 cesso
941 2067 1290 2120 inrepatronatus
1310 2073 1407 2106 ante
1428 2065 1615 2120 petitum
1634 2063 1888 2118 Benepiaci-

573 2135 666 2165 tum
686 2152 699 2173 ‚
736 2122 777 2165 ἃ
811 2124 1125 2165 continuaverit
1167 2124 1412 2165 nominatus
1447 2123 1489 2162 in
1515 2121 1777 2177 possessione
1796 2119 1888 2162 Re-

577 2190 765 2223 ctoratns
788 2182 916 2221 etiam
936 2191 1031 2235 post
1051 2179 1156 2221 iliud
1174 2179 1432 2236 denegatum
1452 2209 1464 2221 .

517 2236 563 2279 Si
580 2249 722 2281 autem
738 2238 816 2279 EE.
830 2238 997 2281 Vestrae
1017 2239 1249 2280 admittent
1268 2239 1494 2280 simoniam
1510 2265 1526 2289 ‚
1560 2238 1687 2293 plana
1706 2249 1885 2291 qnoque

576 2298 659 2339 erit
695 2295 946 2338 cedentium
968 2295 1188 2339 caducitas
1226 2310 1248 2337 a
1270 2305 1499 2350 patronatu
1521 2323 1536 2345 ‚
1563 2298 1681 2348 juxta
1707 2294 1888 2337 Sacrum

580 2355 809 2396 Concilium
832 2355 1122 2396 Triclentimrm
1142 2368 1271 2397 sess-‚2
1277 2370 1318 2411 5.
1336 2369 1476 2410 cap-9-
1495 2353 1546 2396 cle
1558 2354 1726 2406 reform·
1744 2379 1759 2402 ,
1775 2353 1831 2393 ibi
1863 2370 1886 2394 ε

582 2412 675 2453 Nec
695 2413 855 2454 dicrum
879 2416 1204 2469 jnspatronotus
1222 2443 1236 2464 ‚
1265 2413 1516 2455 venditionis
1546 2442 1562 2462 ‚
1586 2419 1661 2453 aut
1677 2410 1761 2452 alio
1778 2425 1891 2467 quo-

583 2483 764 2524 cumque
781 2472 900 2513 titulo
920 2474 965 2512 1'11
982 2472 1088 2513 alios
1098 2483 1243 2514 contra
1261 2476 1485 2513 canonicas
1500 2473 1738 2511 sanctiones
1756 2478 1893 2512 trans·

573 2525 688 2573 ferre
706 2539 1000 2581 prcr’snmrmt:
1040 2531 1075 2570 si
1110 2544 1228 2572 secus
1251 2530 1424 2578 fecerint
1442 2555 1457 2579 ‚
1485 2527 1891 2570 excommunicatio-

585 2587 649 2622 nis
667 2610 681 2630 9
713 2584 764 2625 ὀί,
786 2587 991 2626 interdicti
1014 2590 1158 2642 paenis
1187 2586 1486 2639 s11hjici1mrrrr;
1517 2581 1561 2624 d5
1587 2583 1700 2624 dicto
1707 2587 1893 2642 jurepa-

583 2648 781 2682 trouatus
799 2647 892 2696 ipso
895 2646 998 2698 jure
1001 2648 1166 2702 privati
1183 2650 1362 2686 existant
1376 2670 1388 2682 .
1417 2639 1462 2685 tu
1491 2641 1572 2684 hoe
1591 2653 1695 2683 vero
1714 2642 1891 2685 caduci·-

1783 2703 1887 2744 tatis

1926 71 1931 126 Q
