1945 2928
503 183 555 228 37
922 211 924 213 ,
949 180 998 221 ¹9
1032 165 1265 208 Decembris
1307 180 1381 224 179
1393 182 1429 223 ς.

515 242 558 275 te
593 228 674 267 itus
695 224 931 266 consistunt
950 221 1079 264 modo
1096 226 1140 267 iu
1152 225 1303 268 annuis
1318 229 1448 267 scutis
1476 225 1571 281 138.
1586 225 1657 276 89.
1675 252 1687 273 ‚
1706 220 1823 264 dem,

515 294 592 341 pta
610 293 705 324 taxa
736 292 960 323 scutorum
982 295 1051 336 50.
1086 283 1231 325 favore
1263 281 1588 336 Brephotrophii
1626 279 1825 330 ejusdem

473 360 476 365 ·
507 342 713 390 Civitatis
729 367 743 390 ‚
779 339 816 378 ἅ
838 339 988 378 salario
1008 338 1221 392 Exactoris
1244 339 1286 378 in
1308 342 1439 381 scutis
1457 354 1499 393 4.
1519 355 1585 396 5¹·
1607 340 1706 381 Uno
1726 353 1823 395 pro·

509 409 654 454 pterea
683 409 797 441 auno
831 392 1115 459 conferuffissur
1150 393 1334 437 subsidia
1359 400 1560 454 qumque
1584 408 1694 440 scut.
1714 411 1784 452 25.
1804 425 1819 446 ,

506 457 643 498 altero
662 468 736 495 sex
772 468 823 495 ex
849 454 1028 496 cumulo
1055 462 1275 497 scutorum
1309 468 1374 510 13.
1393 458 1463 510 89.
1483 485 1497 507 ‚
1527 470 1614 512 que
1642 471 1694 501 ex
1714 468 1818 497 scu-

508 517 563 556 tis
585 514 679 569 ¹38-
695 513 768 567 89,
789 514 1026 567 quorannis
1046 521 1275 568 supersunt
1295 541 1306 552 .

450 571 755 623 Hereditatem
788 569 1085 610 administrant
1120 571 1198 611 125².
1236 565 1611 625 Repraesentautes
1638 586 1711 626 per
1733 570 1821 612 Ca·

509 631 739 673 meracium
756 627 921 669 Montis
944 627 1113 675 Pietatis
1148 628 1310 683 Spoleti
1336 658 1351 678 ‚
1393 632 1468 682 qui
1490 631 1541 670 ab
1558 644 1670 670 anno
1697 643 1817 684 1740·

508 688 562 729 ad
582 699 744 729 annum
767 700 888 742 1772.
917 687 1057 741 plnres
1078 701 1162 728 aere
1197 686 1364 727 Montis
1397 688 1498 727 fecit
1536 698 1818 740 praematuras

509 746 679 788 dotium
699 744 934 786 'solutiones
951 743 1003 785 ad
1029 758 1244 786 summam
1280 755 1501 786 scutorum
1537 747 1640 787 862.
1662 760 1734 798 04.
1757 746 1783 799 ᾗ
1803 774 1818 794 ,

509 806 612 852 licet
643 812 892 862 gravaretur
911 801 1042 843 Mons
1078 804 1546 858 passivis-capitalibus,
1578 804 1819 858 eorumque

511 863 653 909 usuris
671 870 895 903 scutorum
907 871 1094 915 quatuor
1115 864 1157 902 in
1178 861 1338 916 singula
1354 874 1545 906 centum,
1565 862 1680 903 Huic
1705 862 1822 901 malo

485 933 736 971 ‘occurrere
755 922 939 960 tentavit
975 921 1213 973 spoletinus
1248 920 1484 974 Episcopus
1507 923 1548 960 in
1587 920 1713 960 Sacra
1735 917 1820 959 Vi-

511 979 707 1020 sitatioue
728 1006 742 1025 ,
778 978 1069 1032 convenitque
1097 991 1197 1018 cum
1233 978 1312 1023 1³1³.
1361 978 1785 1033 Repraeseutantibus
1808 1005 1826 1027 ,

509 1047 559 1084 ut
577 1034 909 1090 suspenderetur
930 1036 1171 1076 alternatim
1207 1038 1412 1078 extractio
1427 1065 1439 1081 ,
1476 1036 1513 1075 ὃ(
1547 1036 1721 1076 collatio
1743 1033 1825 1074 do-

509 1097 625 1136 tium
646 1092 698 1134 ad
718 1094 1127 1150 redintagrationevn
1162 1093 1324 1135 Montis
1347 1124 1357 1134 .
1394 1094 1502 1134 Haec
1538 1093 1714 1147 quidem
1745 1105 1823 1132 ex-

512 1155 633 1207 pleta
654 1153 850 1193 asseritur
881 1149 1185 1208 redintegratio
1216 1153 1268 1193 ab
1302 1165 1414 1192 anuo
1454 1165 1577 1208 1791.
1600 1153 1652 1192 ab
1694 1163 1822 1204 1794.

510 1215 555 1253 in
593 1223 761 1250 summa
783 1218 1003 1251 scutorum
1024 1225 1116 1264 ¹90·
1137 1223 1204 1250 πο.
1230 1240 1242 1259 ,
1271 1211 1309 1249 ὅ(
1329 1219 1658 1261 compensatum
1690 1209 1824 1249 etiam

512 1281 737 1310 usurarum
757 1267 962 1308 damnum
995 1283 1044 1308 ex
1066 1270 1235 1308 dotibus
1256 1282 1339 1308 non
1362 1268 1511 1308 solutis
1542 1268 1596 1308 ob
1620 1280 1706 1307 non
1747 1278 1821 1306 ce-

508 1327 690 1368 lebratas
713 1326 951 1379 puellarum
973 1328 1170 1379 nuptias:
1204 1327 1262 1366 At
1284 1327 1326 1364 in
1348 1325 1524 1380 reliquis
1555 1325 1709 1366 saltem
1742 1337 1821 1364 ne-

513 1385 649 1441 glecta
664 1393 841 1439 apparet
864 1383 1131 1436 providentia
1154 1383 1351 1438 Episcopi
1375 1412 1385 1425 ,

456 1443 748 1507 Quamplures
767 1441 977 1495 siqnidem
1008 1444 1060 1482 ab
1097 1457 1210 1482 anno
1271 1456 1392 1495 ¹779·
1430 1439 1611 1495 expletae
1649 1441 1828 1481 fuerunt

511 1509 783 1558 praematurae
803 1500 1054 1541 conationes
1071 1498 1237 1539 dotium
1253 1527 1266 1549 ,
1282 1501 1596 1555 quinquaginta
1609 1512 1681 1540 sex
1701 1511 1829 1540 nem-

513 1573 570 1613 pe
586 1571 658 1612 per
677 1557 918 1599 consiliares
948 1559 1229 1599 resolutiones
1264 1588 1278 1606 ‚
1310 1556 1639 1612 quatuordecim
1670 1569 1725 1598 ex
1761 1564 1850 1597 re·'

511 1617 687 1670 scriptis
721 1615 983 1656 Sanc-tissima
1002 1631 1015 1664 3
1046 1615 1096 1657 <3⁶
1112 1618 1267 1657 cessuri
1300 1624 1427 1656 erunt
1444 1614 1710 1657 solutionum
1732 1611 1824 1655 dies

513 1688 539 1714 a
555 1675 725 1715 labente
744 1686 854 1713 anno
881 1687 1002 1728 ¹795·
1020 1672 1073 1713 ad
1089 1687 1252 1714 annum
1279 1674 1403 1728 1809.
1436 1672 1680 1717 Cumtssum
1704 1674 1819 1715 inter

515 1740 695 1772 caeteras
714 1729 996 1771 subsidiorum
1030 1740 1247 1785 quatuor,
1276 1745 1351 1772 seu
1391 1740 1612 1772 scutorum
1645 1738 1830 1771 centum

515 1803 540 1830 a
557 1788 749 1829 Consilio
767 1789 954 1831 obtinuit
985 1803 1098 1830 anno
1125 1803 1245 1844 1792.
1269 1788 1422 1829 nobilis
1443 1788 1585 1842 puella
1615 1786 1829 1828 Constan-

522 1848 584 1888 tia
605 1846 715 1889 Luci
736 1874 750 1896 ‚
782 1845 1038 1888 solvendum
1056 1861 1170 1888 anno
1196 1847 1319 1888 1806.
1343 1874 1357 1897 ‚
1373 1844 1415 1887 δι
1434 1846 1513 1886 sub
1532 1846 1644 1887 illius
1661 1843 1828 1885 fide-so-

517 1906 709 1952 lemnem
729 1918 842 1945 anno
865 1919 989 1960 1794.
1009 1907 1147 1946 emisit
1178 1905 1487 1960 protessionem
1502 1905 1547 1946 in
1563 1903 1828 1947 Mon-asterio

517 1962 564 2003 S.
587 1961 737 2003 Mariae
769 1961 821 2003 de
842 1961 971 2003 Stella
1007 1962 1201 2019 Spoleti.
1239 1961 1377 2004 Morae
1413 1975 1515 2004 vero
1546 1963 1777 2018 impatiens
1815 1988 1832 2012 ,

514 2019 600 2061 ΕΕ.
621 2018 782 2061 Vestris
807 2022 1024 2075 ‘supplicat
1044 2022 1136 2071 eius
1158 2020 1284 2062 vidua
1306 2028 1442 2062 mater
1475 2019 1617 2061 Cleria
1651 2018 1827 2060 Manci-

515 2078 656 2127 nelli,
688 2089 736 2119 ut
770 2081 1025 2132 permittere
1058 2078 1294 2135 dignentur
1328 2079 1590 2120 creationem
1607 2079 1702 2119 aeris
1722 2077 1831 2118 alie-

523 2137 570 2177 ni
591 2149 717 2190 super
745 2137 919 2189 capitali
957 2138 1017 2191 pii
1034 2136 1246 2191 Opetjsin
1267 2149 1437 2177 summa
1460 2146 1685 2178 scutorum
1711 2149 1827 2182 1000,

519 2206 622 2248 quae
652 2195 795 2236 statim
814 2207 889 2247 pro
910 2192 1122 2250 desponso
1147 2194 1368 2236 solvantur
1396 2195 1574 2236 cumulo
1602 2193 1712 2247 ,vel
1747 2191 1827 2234 ali-

524 2259 592 2292 ter
628 2253 828 2309 praesenti
848 2265 935 2292 suae
953 2252 1197 2308 indigentiae
1226 2251 1482 2308 provideant
1503 2282 1515 2301 ,
1815 2270 1818 2273 ·

462 2308 683 2358 {nstantiae
715 2309 996 2358 adversantur
1018 2310 1096 2353 PP.
1128 2311 1503 2368 Repraesentautes
1533 2339 1548 2362 ‚
1573 2310 1626 2354 <3⁶
1654 2318 1829 2351 conces-

521 2370 622 2415 sisse
639 2367 834 2410 fatentur
854 2366 1042 2412 dotalem
1063 2372 1286 2411 cumulum
1309 2372 1350 2410 in
1372 2371 1628 2424 obsequium
1646 2366 1822 2419 Episco-

520 2427 567 2480 pi
588 2442 600 2466 z
624 2439 815 2480 eumque
842 2425 895 2468 de
925 2437 1072 2480 cetero
1102 2429 1158 2469 ob
1195 2425 1413 2472 defectum
1458 2426 1721 2481 paupertatis
1754 2423 1822 2463 di-

524 2493 632 2526 cunt
660 2486 927 2526 immeritum
968 2501 982 2536 ;
1010 2500 1107 2529 nam
1141 2487 1372 2540 quaesiturn
1416 2485 1629 2528 affirmant
1659 2496 1733 2536 per
1761 2483 1829 2521 vi-

524 2536 654 2581 duam
688 2541 872 2584 Cleriam
915 2543 1126 2599 praedium
1175 2542 1394 2597 quoddam
1435 2543 1575 2599 pretio
1608 2550 1829 2588 scutorum

531 2609 657 2644 1000·
675 2626 688 2643 ‚
711 2602 1036 2655 proximamque
1055 2602 1234 2642 familioe
1248 2601 1359 2642 Luci
1393 2613 1515 2655 spem
1536 2611 1624 2640 esse
1655 2610 1826 2641 succes-

532 2655 663 2703 !iouis
689 2652 744 2701 ad
759 2655 977 2710 duplicem
1013 2658 1295 2704 hereditatem
1322 2670 1373 2702 ex
1400 2658 1512 2701 linea
1544 2665 1721 2713 paterna
1740 2685 1758 2708 ,
1786 2655 1829 2697 ἀ

568 2747 573 2753 .
1731 2726 1826 2761 ma-
