1945 2928
502 99 580 141 118
981 96 1046 136 16.
1082 93 1198 134 Maii
1231 108 1352 151 ¹795·

440 158 493 200 Et
508 155 804 198 duodecimum
820 150 1024 194 Nicotaus
1043 149 1246 192 Bernardi
1280 166 1392 194 anno
1421 155 1541 195 1660.
1568 153 1815 198 Posteriora
1852 148 1865 163 ⁴

494 214 584 256 haec
601 221 786 266 quatuor
803 211 941 266 legata
956 222 1065 250 onus
1087 209 1244 249 liabent
1265 213 1417 266 viginti
1437 211 1662 254 Missaruin
1678 242 1690 261 ‚
1718 227 1817 252 sor-

494 281 586 314 tem
616 280 840 310 scutorum
872 281 940 321 50.
966 268 1010 306 in
1032 265 1200 319 praedio
1221 268 1465 311 investitam
1493 272 1624 311 annui
1644 270 1812 312 reditus

497 337 604 370 scut.
631 342 664 366 1.
688 340 749 380 ¹9·
773 338 849 379 pro
871 337 1140 377 unoquoque
1161 353 1172 364 .

435 388 482 428 ln
499 397 633 426 unum
663 397 764 438 ergo
799 390 1004 437 gravatur
1037 379 1293 422 Sodalitium
1328 385 1479 425 annuis
1510 384 1653 427 Missis
1675 403 1775 443 373.
1798 416 1812 438 ,

495 455 594 497 quae
616 441 835 496 assignatis
861 438 1160 478 celebrationis
1187 437 1334 480 diebus
1368 441 1510 482 relatae
1543 443 1720 485 fuerunt
1737 459 1815 485 an-

492 514 552 541 no
589 513 604 539 ι
617 512 712 552 729.
745 499 789 536 in
835 495 1065 546 tabellam3
1096 496 1134 536 ἃ
1152 510 1229 550 pro
1247 510 1394 537 earum
1415 501 1699 554 implemento
1715 516 1811 556 per-

491 558 603 612 cipit
621 564 742 596 scuta
757 568 827 594 22.
845 555 917 610 87.
935 583 948 604 ,
982 568 1055 595 seu
1081 556 1228 608 potius
1248 566 1366 595 scuta
1394 570 1458 610 ¹4·
1481 572 1503 611 3
1517 574 1527 597 ι
1541 588 1551 598 .
1568 588 1581 608 ,
1612 560 1815 601 detractis

490 616 625 656 scutis
645 614 687 654 8.
721 614 788 668 56.
813 626 890 667 pro
906 612 1101 654 collectis
1121 641 1135 664 ‚
1167 610 1209 652 ἃ
1245 614 1371 654 sacris
1387 617 1665 668 utensilibus,
1696 618 1816 669 juxta

492 671 652 714 Vicarii
671 670 894 714 Generalis
913 670 1162 712 relationem
1187 699 1198 710 .
1233 671 1329 725 Qua
1361 669 1413 713 (le
1446 686 1488 713 re
1519 682 1582 714 tot
1612 675 1813 717 hactenus

491 730 723 774 celebratae
749 737 849 770 sunt
879 728 1027 770 Missae
1059 757 1073 779 ‚
1107 737 1214 783 quot
1244 741 1414 770 summa
1449 733 1564 785 capit
1594 744 1817 774 scutorum

497 802 562 842 14.
584 803 652 844 3¹·
670 787 723 828 ad
743 797 887 828 taxam
916 797 1136 842 perpetuae
1157 786 1381 827 obolorum
1404 802 1467 844 ¹5·
1484 817 1497 836 ,
1526 788 1684 831 factam
1704 805 1818 831 anno

498 847 623 902 1687.
647 861 670 887 a
686 845 786 888 clar.
809 860 944 888 meni.
966 843 1184 888 Cardinali
1203 845 1400 885 l'aulutio
1418 846 1696 889 Tolentinate
1714 849 1818 890 olim

492 905 707 959 Episcopo
728 933 739 944 .
776 903 850 944 Ad
867 902 1150 946 statuendum
1183 916 1285 944 vero
1323 905 1382 944 rei
1402 913 1562 946 statum
1585 935 1599 956 ‚
1632 905 1712 946 EE.
1728 905 1811 947 Ve-

491 964 590 1005 stris
610 961 811 1003 Sodalitii
845 964 1018 1003 nomine
1047 960 1263 1017 supplicat
1297 960 1558 1015 Capelianus
1591 975 1670 1018 pro
1687 964 1817 1004 aboli-

493 1022 611 1062 tione
628 1021 758 1077 legati
772 1021 954 1060 Luciani
978 1051 992 1070 ,
1013 1019 1139 1071 cujus
1157 1018 1319 1060 fundus
1339 1034 1412 1073 per
1429 1019 1725 1062 decoctionem
1745 1021 1818 1062 de·

493 1079 643 1120 biteris
672 1091 827 1120 census
852 1079 1032 1120 omnino
1054 1079 1182 1132 periit
1198 1107 1212 1128 ,
1241 1077 1284 1118 8(
1304 1091 1381 1131 pro
1397 1078 1577 1118 aliorum
1600 1077 1822 1119 reductio-

495 1151 551 1178 ne
570 1137 688 1190 juxta
709 1140 972 1194 respectivos
992 1137 1155 1178 reditus
1174 1135 1226 1176 acl
1245 1146 1384 1176 taxam
1403 1135 1589 1176 Concilii
1606 1136 1816 1186 Ro‹nani;

493 1209 627 1250 seque
654 1194 898 1249 Episcopus
921 1195 1222 1236 Tolentinates
1266 1191 1320 1233 ad
1350 1196 1650 1236 transmissum
1689 1193 1816 1236 refert

495 1251 651 1294 folium
670 1254 764 1306 ejus
784 1254 946 1295 Vicarii
964 1253 1188 1297 Generalis
1207 1280 1219 1292 .

436 1311 522 1363 Hic
551 1313 680 1368 igitur
716 1313 935 1366 exponit,
964 1311 1134 1352 nullum
1170 1309 1303 1351 aliurn
1327 1339 1341 1361 ,
1371 1319 1525 1366 praeter
1574 1309 1821 1351 sodalitium

494 1370 638 1424 ipsum
652 1397 666 1420 ,
697 1371 877 1412 existere
898 1371 1100 1411 interesse
1120 1367 1344 1410 habentem
1366 1397 1380 1419 ,
1409 1370 1482 1423 qui
1498 1367 1634 1408 audiri
1657 1369 1791 1408 valeat
1807 1383 1819 1407 ε

494 1428 739 1483 investigari
758 1442 846 1468 non
864 1426 1053 1482 potuisse
1072 1456 1087 1479 ,
1116 1440 1222 1467 num
1242 1436 1340 1468 ante
1356 1440 1516 1469 annum
1551 1440 1671 1482 ¹729·
1704 1425 1821 1466 adhi-

495 1485 596 1527 bitae
611 1484 788 1527 fuissent
807 1484 1039 1541 diligentiae
1062 1484 1113 1526 ad
1127 1484 1439 1539 recuperandos
1460 1483 1704 1540 deperditos
1716 1497 1821 1524 cen·

496 1557 567 1585 sus
585 1572 601 1593 ‚
632 1557 715 1584 una
735 1553 913 1598 excepta
949 1544 1094 1584 inutili
1123 1544 1326 1584 instantia
1366 1544 1465 1583 anni
1512 1544 1632 1599 1674.
1672 1553 1819 1584 contra

495 1600 733 1642 debitorem
754 1615 905 1643 census
945 1599 1157 1643 Carducci
1185 1616 1196 1641 ε
1227 1602 1412 1642 liberum
1440 1600 1678 1658 legatorum
1708 1600 1823 1640 redi-

494 1668 593 1700 tum
612 1661 655 1701 in
689 1662 820 1700 scutis
856 1661 1084 1701 consistere
1108 1674 1174 1713 ¹4·
1198 1674 1269 1713 3¹.
1292 1688 1305 1710 ,
1322 1658 1362 1700 ἃ
1381 1659 1435 1700 ob
1450 1658 1822 1715 emphyteuticam

495 1718 820 1759 concessionem
837 1719 1053 1759 existentis
1092 1718 1245 1773 praedii
1291 1716 1343 1757 ad
1378 1719 1547 1758 tertiam
1581 1719 1822 1774 generatio-

495 1788 599 1816 nem
635 1773 915 1816 masculinam
950 1804 964 1827 ,
1010 1776 1049 1816 <St
1090 1778 1145 1817 ob
1182 1778 1382 1816 investita
1426 1775 1587 1829 reliqna
1622 1774 1821 1828 capitalia

495 1834 542 1873 in
564 1835 783 1888 perpetuis
799 1833 994 1884 censibus
1011 1863 1026 1881 .,
1055 1834 1194 1890 augeri
1225 1848 1308 1874 non
1328 1846 1470 1887 posse:
1491 1833 1685 1886 capitalia
1705 1833 1823 1889 lega-

494 1899 640 1931 torum
679 1893 958 1934 Rodomomis
993 1892 1152 1943 Pauli,
1183 1892 1467 1941 Benaclcluce,
1487 1890 1524 1931 C
1522 1891 1695 1931 arducci
1727 1918 1741 1939 ‚
1771 1889 1825 1932 <3⁶

495 1948 749 1990 Bernarclim·
791 1950 1036 2009 Ilagtzihorzi
1053 1980 1066 2001 ‚
1096 1964 1194 2005 qnae
1229 1951 1374 1990 locum
1395 1950 1462 1989 hie
1487 1949 1644 1989 habent
1672 1947 1721 1988 ll.
1757 1947 1825 1987 ΙΙΙ.

495 2005 568 2047 tv.
582 2005 635 2047 V.
657 2007 833 2049 confusa
849 2023 937 2050 esse
958 2021 1060 2049 curn
1078 2009 1277 2050 censibus
1310 2005 1503 2047 Sodalitii
1542 2021 1552 2046 ε
1574 2006 1823 2046 manualem

495 2061 723 2106 IMissarum
744 2067 1075 2122 eleaemosynrnn
1092 2069 1135 2107 in
1152 2065 1341 2107 civitate
1356 2064 1578 2106 Tolentini
1598 2065 1824 2104 obolorum

495 2135 585 2163 esse
601 2121 771 2164 decem.
785 2125 932 2180 Atque
953 2138 1004 2164 ex
1023 2125 1084 2165 bis
1103 2138 1259 2176 equam
1277 2132 1421 2164 censet
1437 2123 1619 2175 petitam
1635 2119 1823 2160 abolitio·

495 2193 595 2222 nem
615 2181 654 2221 ἃ
673 2181 966 2223 reductionem
991 2210 1005 2229 ,
1033 2184 1088 2222 ecl
1105 2183 1136 2221 il
1152 2181 1410 2238 tzeqaqqlielrt
1428 2179 1597 2219 sarebbe
1619 2179 1658 2219 lo
1676 2188 1817 2224 stesso,

495 2238 569 2278 che
601 2240 760 2279 volerla
777 2241 962 2298 obligare
981 2241 1003 2296 (
1045 2241 1306 2279 Societatem
1339 2251 1495 2291 nempe
1517 2236 1538 2290 )
1556 2252 1583 2277 n
1603 2236 1738 2277 subire
1758 2246 1819 2273 rut

493 2310 595 2348 peso
616 2298 778 2353 (ligram
794 2300 926 2355 Innya
945 2303 1166 2357 magyyiore
1181 2297 1286 2337 delle
1298 2310 1371 2337 sue
1383 2296 1506 2347 jor-ze
1523 2325 1534 2335 .

439 2364 518 2404 Per
530 2355 806 2397 abolitionem
827 2371 926 2398 sane
949 2357 1073 2410 legati
1091 2356 1345 2396 Sabastianae
1372 2354 1553 2395 Luciam
1585 2351 1705 2393 omni
1727 2349 1820 2399 ejus

498 2413 636 2451 anima
655 2416 893 2463 privaretur
925 2416 1151 2474 suffragio,
1181 2422 1331 2455 contra
1368 2413 1582 2454 monitum
1623 2409 1821 2462 pasqua-

497 2469 568 2522 Iiff.
587 2468 637 2506 cle
652 2469 842 2522 Sacrific.
863 2473 990 2514 [mss.
1007 2484 1156 2528 qacvsl.
1186 2486 1201 2512 x
1217 2486 1232 2511 1
1246 2485 1311 2525 ¹9.
1334 2483 1498 2511 murum
1539 2468 1598 2507 At
1622 2465 1818 2507 animad-

496 2525 734 2565 versionem
751 2538 938 2568 mei-etur
958 2557 972 2577 ‚
1003 2531 1117 2583 quod
1139 2528 1300 2580 jamdiu
1320 2530 1479 2580 absque
1492 2523 1710 2565 Sotiatium
1731 2523 1819 2562 cnl-

497 2595 550 2637 pa
568 2582 692 2634 periit
707 2595 857 2626 census
879 2589 1061 2629 taxnive
1082 2602 1104 2627 a
1122 2587 1289 2643 legante
1309 2585 1498 2642 *relictus
1529 2609 1544 2622 .
1578 2581 1819 2626 Deficiente

1706 2651 1824 2681 culm
